3142 5209
797 503 838 563 58

313 727 345 791 in
372 728 460 791 Gallo
484 723 571 789 etin
596 724 713 791 limone
734 724 827 809 hujus
849 723 975 790 virtutis
986 726 1124 813 exempla
1135 725 1313 810 aequalibus

311 865 460 933 imitanda
492 863 660 952 proposuit.
707 864 851 950 Longum
883 865 963 930 foret
989 867 1099 932 horum
1120 864 1312 953 dialogorum

247 992 262 1018 '¹
312 1012 491 1093 argumenta
529 1026 666 1071 enarrare
677 1030 687 1085 3
721 1004 805 1071 illud
838 1003 991 1071 monuisse
1012 1005 1086 1071 satis
1107 1005 1204 1071 habeo
1215 1058 1224 1090 ,
1248 1006 1312 1072 Im·

312 1147 434 1215 cianum
470 1146 503 1213 in
532 1145 632 1212 tribus
664 1146 712 1213 his
747 1145 878 1232 dialogis
910 1145 1007 1212 vitam
1052 1168 1217 1234 pauperem
1259 1146 1313 1212 sed

311 1291 468 1355 honestam
502 1286 584 1353 vitae
615 1285 649 1351 in
682 1284 806 1371 ignavia
838 1292 869 1350 et
904 1284 1024 1350 deliciis
1057 1292 1197 1372 peractae
1219 1286 1313 1375 longe

311 1428 526 1516 anteposuisse.

357 1570 402 1636 At
437 1590 510 1635 vero
551 1591 614 1634 non
638 1568 711 1634 satis
732 1566 842 1633 habuit
869 1568 1024 1635 Lucienus
1043 1577 1103 1654 τὴν
1125 1574 1316 1656 αὐτάρκειαν

311 1710 450 1779 laudasse
457 1738 467 1792 3
502 1731 572 1776 oum
610 1708 692 1775 enim
729 1708 849 1776 videret
883 1710 1062 1797 impostores
1088 1717 1120 1776 et
1142 1711 1315 1779 adulatores

283 1848 430 1927 ,divitiis
462 1854 494 1913 et
526 1846 692 1913 honoribus
725 1845 876 1932 gaudem,
911 1847 1021 1934 probos
1051 1854 1156 1913 contra
1176 1849 1315 1915 homines

311 2015 384 2081 prae
412 1989 507 2059 animi
526 1990 668 2056 libertate
690 1988 831 2054 maximis
856 2010 944 2075 saepe
970 1988 1100 2054 miscuis
1126 1990 1312 2074 conflictari,

311 2132 491 2217 indignatus
535 2126 617 2214 quod
661 2126 736 2193 mali
770 2126 803 2191 in
840 2127 938 2215 puppi
971 2127 1129 2208 sederent,
1157 2128 1245 2215 probi
1278 2129 1313 2195 in

310 2266 430 2333 sentina
462 2265 565 2330 locum
602 2261 790 2346 obtinerent,
822 2264 904 2330 nihil
937 2264 1037 2350 pluris
1061 2264 1135 2330 fecit
1163 2287 1256 2350 quam
1276 2273 1313 2333 ut

310 2413 503 2475 versutorum
529 2405 728 2494 impostorum
754 2406 934 2494 detegendis
960 2408 1091 2473 fallaciis
1119 2408 1312 2496 prohiberet,

311 2533 474 2633 quominus
489 2546 562 2613 boni
575 2549 714 2614 homines
726 2548 948 2636 deciperentur,
962 2549 1081 2616 honesti
1097 2548 1161 2615 suis
1171 2548 1313 2636 praemiis

205 2772 209 2781 1
310 2689 560 2757 destituerentur.
584 2689 696 2775 Neque
719 2688 907 2772 mirandum,
930 2691 957 2755 si
979 2688 1110 2755 maxime
1132 2690 1167 2754 in
1181 2691 1311 2778 pseudo·

310 2828 506 2916 philosophos
552 2835 583 2894 et
639 2828 917 2917 pseudoprophetas
970 2835 1016 2894 est
1064 2830 1222 2912 invectus,
1258 2831 1313 2915 qui

310 2969 484 3035 venerabile
506 2991 617 3035 nomen
640 2976 672 3035 et
698 2992 857 3056 personam
882 2977 1083 3054 assumerent,
1106 2995 1167 3057 quo
1190 2971 1312 3038 facilius

309 3133 364 3177 sna
386 3108 463 3175 vitia
489 3116 521 3175 et
547 3110 669 3176 fraudes
694 3117 800 3197 tegere
821 3119 953 3198 possent.
977 3112 1087 3178 Ethico
1113 3112 1212 3199 igitur
1241 3136 1312 3179 oon·

311 3249 381 3315 silio
403 3248 559 3315 Lucienus
581 3249 689 3315 satiras
711 3250 842 3336 scripsit.
890 3251 996 3336 Negat
1018 3250 1051 3315 id
1079 3251 1204 3335 quidem
1230 3252 1310 3316 Her·

311 3413 463 3471 mannus,
497 3389 553 3476 qui
586 3390 776 3473 Lucienum,
801 3415 898 3478 quum
919 3392 958 3458 de
981 3392 1116 3460 moribus
1136 3394 1312 3479 aequalium

311 3526 498 3613 corrigendis
547 3527 733 3615 desperaret,
778 3528 992 3616 indignatione
1026 3536 1149 3596 tantum
1184 3528 1312 3597 ductum

311 3668 419 3733 satiras
452 3668 606 3756 scripsisse
643 3692 698 3756 pro
731 3677 814 3736 certo
852 3673 997 3738 affirmat:
1022 3668 1047 3759 ¹)
1082 3693 1175 3757 quam
1208 3676 1310 3739 tamen

304 3891 583 3903 *μα-...-

349 4040 373 4101 1)
393 4039 528 4091 Hermann.
544 4041 562 4092 l.
580 4041 598 4092 l.
616 4058 640 4106 p.
660 4041 731 4093 2212
751 4042 838 4098 ‚Ahar
856 4042 898 4094 das
914 4043 992 4094 hiessc
1009 4044 1050 4095 das
1068 4044 1155 4093 Wescn
1174 4043 1216 4093 der
1234 4044 1314 4093 Satira

313 4162 395 4212 agana
425 4147 577 4212 verkcnncn,
607 4164 677 4201 wana
702 4167 759 4202 man
786 4150 826 4203 ihr
842 4151 888 4203 den
907 4151 992 4204 Zweclr
1009 4170 1040 4204 au
1057 4152 1139 4204 lehrcn
1156 4152 1311 4203 zusohreiber
