3142 5209
796 496 800 499 ·
816 440 866 546 ce

329 715 477 779 maximae
499 736 547 779 res
568 713 614 779 ita
636 711 882 800 splendidissima
905 711 999 776 etiam
1020 712 1147 797 ingenia
1166 715 1333 781 aminimis

330 827 504 914 saepissime
526 828 759 915 proficiscuntur
781 828 899 908 initiis,
924 849 1056 913 quorum
1083 828 1216 915 vestigia
1238 828 1272 894 in
1295 830 1334 894 iis

332 967 411 1030 quae
433 946 540 1010 seriori
563 952 662 1011 aetate
685 945 886 1033 seripserunt,
910 947 964 1012 vix
986 946 1173 1014 invenerint

818 1126 859 1192 V.

379 1290 456 1356 Jure
479 1291 612 1355 Grotens
630 1292 725 1377 (Hiat.
739 1293 780 1374 of
797 1289 920 1371 Grcecc,
932 1298 1006 1358 tom.
1024 1292 1072 1358 VI
1084 1316 1114 1379 p.
1133 1296 1212 1379 336)
1225 1294 1337 1359 statuit

333 1408 368 1472 in
402 1406 546 1471 concione
576 1406 830 1489 Atheniensium,
866 1430 927 1491 qua
963 1408 1003 1472 de
1036 1408 1140 1474 insula
1167 1410 1337 1496 sphacteria

335 1524 556 1593 deliberaretur
581 1526 687 1611 (Thue.
712 1524 766 1590 lib.
789 1524 847 1604 IV,
870 1548 936 1611 cap.
956 1523 1024 1611 27),
1047 1548 1110 1590 non
1132 1525 1270 1591 Cleontis
1284 1525 1338 1591 sed

335 1638 446 1705 Niciae
469 1639 582 1725 agendi
603 1639 755 1704 rationem
776 1639 872 1706 fuisse
894 1639 1134 1727 improbandam.

805 1819 862 1886 VI.

380 1988 457 2052 Jure
479 1986 687 2072 Thucydidem
710 1985 749 2050 ob
772 2008 837 2050 rem
858 1985 939 2051 11111
962 1991 1080 2071 gestam
1095 1986 1336 2051 condemnarunt

337 2103 540 2169 Athenienses
565 2104 671 2189 (Thuc.
696 2102 751 2168 lib.
775 2102 842 2182 IV,
866 2124 931 2188 cap.
956 2104 1022 2166 103
1046 2104 1106 2187 sq.)

803 2281 878 2348 VII.

383 2449 478 2513 Recte
500 2448 641 2514 Plattner
667 2451 732 2534 (der
752 2450 843 2513 Proe.
869 2450 915 2514 ba·
936 2450 994 2513 den
1016 2451 1081 2515 Art.
1094 2471 1126 2534 p.
1141 2449 1219 2533 111)
1233 2445 1343 2511 statuit

341 2565 536 2651 συμβολαίοις
554 2566 645 2642 δίκας
668 2564 775 2651 (Thac.
793 2563 848 2630 lib.
871 2564 903 2643 I,
920 2586 985 2650 cap.
1002 2564 1056 2648 77)
1082 2585 1145 2628 esse
1160 2562 1248 2640 lites,
1263 2583 1343 2661 quse

341 2680 534 2765 pactionibus
555 2678 689 2765 publicis
711 2679 868 2745 nituntur.

794 2860 888 2925 VIII.

386 3023 463 3087 Jure
486 3022 662 3089 Rowlinson
691 3024 819 3110 (Herod.
843 3024 889 3089 111.
913 3022 968 3087 ΙΠ
990 3045 1021 3109 p.
1040 3023 1121 3107 356)
1144 3019 1253 3085 Grotei
1276 3039 1343 3083 sen·

342 3140 473 3206 tentiam
498 3140 658 3205 Perioecos
687 3148 755 3227 post
777 3141 956 3226 Lycurgum
984 3138 1137 3204 exstit-isse
1163 3134 1327 3202 statuentis
1334 3183 1344 3214 ,

344 3256 455 3343 rejicit.

717 3407 720 3411 >
818 3373 879 3439 IX.

390 3512 468 3578 Jure
511 3514 764 3579 Wcstermannus
807 3521 901 3599 negat
934 3512 1120 3594 orationem,
1159 3533 1238 3595 quae
1271 3515 1348 3595 πρὸς

347 3625 506 3717 ’Ἄφοβον
538 3615 822 3717 ψευδομάρτυριῶν
845 3628 1038 3708 inscribitur,
1061 3628 1262 3693 Demostheni
1285 3648 1349 3692 esse

348 3743 552 3812 tribuendam.

836 3862 877 3929 X.

394 4006 488 4070 Recte
519 4007 651 4072 Stuveus
677 4005 932 4094 Olynthiacarum
950 4002 1122 4069 orationum
1149 3999 1276 4066 solitum
1302 4022 1349 4065 11-

349 4120 453 4187 dinam
487 4122 532 4186 ita
558 4122 737 4188 mutandam
765 4130 885 4206 censet,
913 4128 950 4187 ut
973 4120 1105 4186 secunda
1128 4125 1200 4185 ante
1222 4117 1351 4205 primam

350 4242 489 4321 ponatur.
