3142 5209
710 530 751 592 59

229 759 411 828 sententiam
457 758 584 846 probare
619 756 762 843 equidem
799 777 861 821 non
893 780 1025 843 possum.
1073 758 1229 826 Lucienus

230 904 312 969 enim
342 902 381 967 (le
414 900 548 968 moribus
586 900 762 985 aequalium
792 898 978 987 corrigendis
1015 900 1141 967 minime
1176 902 1228 968 ‹le-

232 1041 365 1130 speravit
376 1066 386 1121 ς
415 1063 591 1126 nunquam,
620 1040 646 1106 si
669 1041 747 1105 hanc
768 1062 853 1127 spem
878 1040 1055 1127 abjecisset,
1081 1042 1232 1108 bonorum

229 1180 365 1247 virorum
399 1181 480 1247 vitas
521 1180 747 1270 descripsisset,
777 1188 814 1248 ut
836 1181 926 1247 claris
953 1182 1100 1272 exemplis
1121 1204 1230 1269 propo·

230 1320 340 1386 nendis
355 1322 498 1406 aequales
509 1320 548 1386 ad
559 1328 641 1387 recte
656 1322 844 1406 honesteque
858 1321 1025 1388 vivendum
1037 1323 1182 1389 excitaret
1193 1324 1229 1407 ¹).

230 1461 368 1544 Accedit,
382 1461 465 1548 quod
476 1462 647 1529 utilitatem
658 1485 690 1529 sc
702 1469 851 1550 spectasse
866 1461 985 1529 duobus
997 1462 1031 1528 in
1042 1463 1117 1529 locis
1128 1470 1232 1549 aperte

229 1602 389 1689 profitetur
396 1630 406 1684 3
432 1603 465 1667 in
492 1606 675 1685 Αῖονονιιότο,
698 1605 786 1691 cujus
803 1610 937 1670 extrema
947 1603 1041 1669 verba
1050 1604 1125 1670 haee
1140 1611 1229 1671 sunt:

230 1738 317 1824 οἶμαι
350 1744 408 1825 δὲ,
441 1746 490 1810 ότι
521 1748 575 1811 καὶ
608 1754 674 1823 τοῖς
709 1749 874 1832 ἐντυχοῦσι
909 1750 1057 1833 χρήσιμόν
1090 1774 1121 1812 τι
1145 1750 1230 1833 ἔχειν

233 1879 317 1957 όόξιι
338 1889 359 1966 η
380 1891 497 1967 γραφη,
521 1890 562 1950 τό
581 1888 640 1968 μὲν
661 1883 911 1970 διεξελέγχουσα,
932 1889 973 1949 τό
988 1884 1018 1950 cl'
1035 1890 1069 1952 ἐν
1086 1889 1157 1961 ταῖς
1167 1890 1232 1953 τῶν

233 2020 471 2102 accenseantur
503 2017 652 2103 γνώμαις
686 2024 869 2107 βεβαιοῦσα.
925 2018 1014 2084 Idem
1040 2019 1168 2084 affirmat
1198 2020 1232 2084 in

234 2155 313 2220 libro
348 2156 403 2239 qui
438 2158 475 2222 de
509 2157 651 2223 Mercede
688 2160 849 2225 θοιιιόυοόόο
872 2158 1070 2238 inscribitur,
1092 2181 1158 2246 cap.
1191 2161 1232 2223 5:

234 2301 304 2381 περὶ
327 2298 361 2363 δὲ
384 2285 430 2365 ὧν
449 2307 600 2383 προεῖπον
622 2302 686 2366 τῶν
705 2300 969 2381 πεπαιδευμένων
992 2301 1086 2377 ἄξιον
1107 2302 1233 2380 οἰγανα-
1290 2336 1296 2343 -

232 2542 484 2554 Ἣ

237 2737 357 2799 nwollte;
376 2738 410 2789 sie
429 2738 462 2789 ist
479 2741 565 2805 gerala
583 2741 625 2790 der
644 2739 773 2791 Ausbruch
791 2740 832 2791 des
849 2737 988 2790 Unmnthss
1005 2738 1072 2788 einer
1089 2736 1233 2788 cdlenSecle

238 2844 323 2905 „tiber
340 2844 378 2895 tis
395 2844 496 2910 Mingel
512 2847 580 2897 einer
597 2846 660 2911 Zeit,
677 2847 720 2898 (lar
740 2848 776 2898 cie
794 2863 825 2897 το
840 2847 924 2898 helien
940 2844 1097 2906 vmeilalt,
1113 2842 1236 2894 iernieht

239 2956 338 3017 „durch
364 2958 417 3008 eine
440 2958 646 3023 ‹lichtgeschesrte
668 2957 995 3019 culminacaetera
1014 2954 1089 3005 durch
1109 2953 1151 3003 όιο
1167 2951 1235 3003 Echo

238 3064 304 3126 ,clar
320 3065 399 3116 leercn
417 3066 509 3116 thda
526 3067 657 3131 gestelgert
674 3066 751 3127 uiri,
767 3066 810 3116 (les
827 3065 879 3117 ihm
896 3081 944 3115 nur
959 3065 1013 3115 scin
1032 3064 1127 3128 eigenss
1147 3060 1237 3113 aaran]

238 3169 448 3235 ›aenrtckklingt3
474 3171 513 3221 die
538 3172 715 3237 Begaisternng
736 3172 777 3223 des
797 3172 904 3232 Hennes,
922 3170 967 3220 wic
990 3168 1099 3232 Schlegel
1117 3184 1143 3218 cc
1163 3165 1237 3217 seluta

239 3288 310 3332 avon
337 3273 442 3324 Juvenal
472 3278 544 3340 ugt,
572 3275 622 3327 und
651 3291 700 3326 war
726 3276 798 3327 sollte
818 3275 864 3326 (lan
882 3274 996 3324 balelsren
1015 3273 1121 3335 vollen,
1144 3271 1190 3321 len
1210 3284 1237 3319 cr

237 3379 346 3439 „hasstl
364 3384 456 3455 atas,
550 3397 553 3404 ·

274 3489 300 3550 1)
319 3490 388 3541 Dm·
418 3505 471 3556 esp.
499 3492 531 3544 2:
566 3486 645 3568 Περὶ
686 3484 721 3551 tle*
763 3488 980 3568 Δημώνακτος
1017 3480 1079 3565 ἤδη
1110 3478 1236 3545 δίκαιον

239 3577 343 3660 λέγειν
373 3582 491 3665 οἰμφοῖν
523 3582 637 3664 ἕνεκα,
675 3588 718 3659 ὡς
753 3586 872 3659 ἐκεῖνός
902 3608 936 3649 τι
966 3582 1020 3649 aa
1048 3585 1171 3663 μνήμης
1190 3577 1238 3660 εἴη

238 3688 305 3757 τοῖς
337 3682 477 3766 ἀρίστοις
509 3687 582 3763 τόγε
615 3682 687 3749 κατ’
718 3687 784 3767 ἐμὲ,
806 3686 860 3749 καὶ
880 3683 911 3748 οἱ
931 3685 1153 3762 γενναιότατοι
1171 3680 1238 3744 τῶν

241 3782 322 3851 νέων
352 3786 407 3848 καὶ
437 3788 514 3867 πρός
545 3783 735 3865 φιλοσοφίαν
756 3787 891 3867 ὁρῶντες
911 3784 1013 3866 ἔχοιεν
1032 3784 1074 3863 μὴ
1096 3781 1173 3860 πρὸς
1196 3780 1238 3841 τό

239 3882 359 3967 α’ρχαῖα
373 3888 458 3967 μόνοι
477 3888 543 3951 τῶν
564 3883 829 3968 παραδειγμάτων
840 3889 921 3964 σφᾶς
931 3883 1047 3955 αότοόι·
1059 3877 1238 3964 ῥυθμίζειν,

241 3980 326 4049 etta
351 3985 411 4049 ιιαίι
434 3989 489 4050 τοῦ
510 3985 661 4068 ἡμετέρου
688 3984 762 4069 βίου
786 3986 911 4048 κανόνα
930 3982 1160 4064 προτίθεσθαι,
1183 3978 1238 4042 καὶ

243 4082 359 4166 ζηλοῦν
386 4088 521 4165 ἐκεῖνον,
543 4089 673 4170 ἄριστον
697 4072 744 4151 ὧν
769 4078 842 4151 otta
863 4083 926 4161 ἔγω
945 4080 1124 4163 φιλοσόφων
1147 4082 1240 4158 γενό-

241 4209 346 4266 μενονΙ
