3142 5209
802 506 843 566 52

317 738 353 801 in
377 736 530 800 neminem
556 726 734 798 mortalium
757 734 864 826 cadere
883 755 970 820 posse
992 735 1159 807 sexcenties
1182 736 1322 819 dixisset,

321 877 455 963 Epicuro
475 874 628 941 tribuisse.
673 874 700 939 Ε
724 875 799 939 locis
823 872 905 939 enim
927 896 1019 960 supra
1040 874 1175 941 laudatis
1197 877 1324 943 manife-

323 1022 405 1081 stum
433 1022 488 1095 est,
513 1014 685 1079 Lucienum
710 1014 826 1100 ubique
849 1013 974 1080 laudare
997 1014 1166 1100 Epicurum
1187 1019 1230 1094 ὥς
1252 1046 1327 1088 τινα

325 1159 513 1242 ἀντίτεχνον
548 1165 601 1224 καὶ
638 1160 864 1241 ἀντισοφιστὴν
899 1166 954 1242 τῆς
989 1160 1207 1244 μαγγανείας,
1232 1165 1327 1244 atquc

323 1319 359 1361 eo
380 1297 536 1382 pertinent
554 1296 660 1361 laudes
686 1295 833 1377 eximiae,
856 1296 969 1382 quibus
991 1297 1083 1363 illum
1104 1304 1167 1363 tam
1190 1299 1327 1385 impense

323 1436 470 1501 cumulat.
516 1436 672 1501 Nimirum
707 1435 864 1501 Lucienus
897 1458 933 1500 eo
964 1441 1101 1523 tempore
1124 1460 1195 1502 cum
1215 1438 1322 1517 Celso,

322 1575 440 1661 Lepido
475 1576 606 1660 aliisque
641 1575 801 1662 Epicureis
823 1575 989 1641 amicitiam
1006 1582 1215 1657 contraxerat;
1236 1578 1322 1642 fami-

321 1716 440 1781 liariter
462 1716 608 1781 utebatur
631 1716 754 1797 amicis,
782 1717 837 1801 qui
859 1739 957 1801 quum
980 1716 1062 1781 idem
1086 1717 1125 1781 de
1146 1716 1207 1782 Dei
1218 1718 1322 1804 provi-

321 1854 427 1919 dentia
469 1853 641 1919 sentiebant
652 1906 661 1938 ,
684 1861 757 1942 tum
784 1855 876 1920 etiam
901 1854 968 1941 pari
993 1855 1064 1920 odio
1090 1856 1268 1941 impostores
1290 1863 1322 1921 et

319 2016 423 2078 magos
457 1995 738 2080 persequebantur:
768 1996 880 2061 accidit
904 1997 1011 2083 igitur,
1034 1998 1117 2082 quod
1138 2000 1322 2085 plerumque

319 2134 372 2213 fit,
393 2141 430 2198 ut
454 2141 577 2221 propter
592 2158 783 2201 communem
797 2138 916 2202 hostem
931 2144 962 2201 et
974 2160 1133 2204 commune
1148 2141 1320 2227 periculum

318 2270 482 2335 intestinae
502 2271 704 2337 dissensiones
726 2273 949 2342 omitterentur.
974 2276 1102 2342 Accedit
1115 2278 1209 2364 quod,
1223 2302 1320 2364 quum

316 2414 412 2479 ceteri
446 2414 638 2501 philosophi,
678 2416 837 2498 Platonis,
873 2416 1036 2505 Chrysippi
1071 2425 1103 2484 ct
1128 2420 1319 2506 Pythagorae

315 2558 488 2633 sectatores,
515 2558 673 2635 tacerent,
701 2554 879 2641 Epicureos,
904 2556 959 2640 qui
982 2558 1040 2621 soli
1066 2558 1188 2623 sortiter
1214 2567 1319 2626 contra

316 2693 527 2759 Alexandrum
555 2695 775 2780 pugnavissent
785 2748 796 2778 ‚
836 2719 898 2760 non
933 2695 1068 2782 impense
1099 2698 1224 2763 laudare
1256 2720 1317 2763 non

317 2844 445 2924 poterat.
481 2838 592 2925 Itaque
613 2839 711 2925 magis
737 2847 861 2926 propter
883 2862 1043 2905 commune
1066 2842 1317 2927 superstitionum

315 2980 420 3045 odium
444 2988 475 3047 et
494 2984 533 3050 ob
555 2983 726 3049 naturalem
742 2982 896 3067 quandam
905 2982 1075 3047 voluntatis
1090 2984 1318 3050 consensionem

314 3122 442 3211 Epicuri
474 3146 653 3209 praeconem
675 3146 707 3187 se
733 3122 910 3209 praestitit,
938 3145 1031 3207 quam
1059 3122 1141 3207 quod
1165 3123 1255 3190 illius
1278 3125 1316 3189 de

312 3287 414 3331 rerum
437 3272 546 3330 natura
565 3265 742 3351 mundoque
766 3265 889 3351 placitis
916 3270 994 3329 esset
1016 3263 1156 3329 addictus
1173 3267 1207 3350 ¹).

348 3504 373 3565 1)
394 3504 467 3553 Recte
476 3503 532 3552 haec
542 3504 638 3552 monuit
647 3503 767 3553 Wieland.
777 3504 795 3554 1.
804 3504 822 3555 l.
832 3502 899 3553 th.
907 3520 931 3567 p.
941 3502 983 3551 XL
992 3502 1067 3560 :nUm
1077 3500 1142 3551 diosc
1152 3500 1314 3565 (Aberglaube

314 3631 326 3659 „
337 3596 387 3647 und
406 3598 594 3662 Schw'drmerey)
615 3614 640 3648 so
658 3599 770 3648 wirhsam
788 3615 819 3648 zu
838 3598 968 3647 bestreitcn
987 3598 1032 3647 wie
1049 3596 1225 3655 Lucian,muss
1241 3613 1314 3647 mann

312 3690 374 3750 „ihr
403 3690 538 3753 gebohrner
566 3689 642 3739 Feind
660 3690 710 3739 und
727 3705 775 3739 von
793 3690 836 3739 der
853 3691 934 3740 Natur
951 3689 1027 3739 selbot
1047 3690 1102 3753 (wie
1120 3688 1219 3753 Ulysses
1236 3704 1313 3753 gegeu

312 3783 376 3846 „die
404 3784 558 3848 Zaubereyen
588 3784 630 3833 der
657 3784 727 3834 Circe
744 3800 800 3834 vom
819 3784 929 3847 Merhur)
949 3785 996 3833 mit
1014 3784 1092 3833 einem
1110 3784 1180 3847 Moly
1196 3784 1313 3833 verseheu

309 3905 322 3935 η
333 3879 429 3928 worden
447 3895 514 3942 seyn,
531 3878 585 3927 dass
603 3879 649 3927 alle
667 3879 720 3927 ihre
737 3880 876 3943 magischen
885 3880 1006 3928 Einflrisse
1016 3879 1144 3941 unkritt'tig
1153 3878 1236 3927 macht
1246 3901 1252 3930 r
1261 3878 1312 3928 und

309 4007 323 4035 ,7
334 3990 383 4023 wer
412 3974 474 4022 diess
497 3973 547 4033 ist,
565 3972 626 4021 wird
643 3970 693 4021 sich
713 3973 832 4037 lreylich,
850 3989 919 4022 wenn
937 3973 989 4022 ihm
1007 3974 1048 4022 dic
1064 3972 1137 4022 Wahl
1154 3974 1208 4037 frey
1226 3972 1311 4033 steht,

307 4068 404 4125 „lieher
421 4084 452 4117 zu
468 4065 592 4115 Democrit
609 4066 659 4115 und
676 4066 776 4131 Epicur,
793 4068 860 4116 aeine
877 4066 1014 4116 natiirliche
1026 4067 1203 4127 Vernandtem,
1216 4066 1308 4126 hulten,

308 4164 366 4225 „als
393 4178 423 4211 zu
452 4161 602 4226 Pythagoras
628 4161 678 4209 und
708 4162 797 4221 Plato,
815 4161 886 4209 deren
905 4162 1115 4225 Vorstellungsart
1133 4160 1185 4209 sich
1204 4161 1251 4210 mit
1268 4160 1311 4209 der

307 4259 435 4320 „seiuigen
454 4272 480 4305 so
499 4256 575 4319 wenig
593 4257 627 4306 als
645 4256 690 4305 Oel
709 4256 756 4305 mit
773 4256 827 4305 dem
846 4256 942 4304 Wasser
959 4256 1099 4319 vereinigen
1117 4255 1202 4305 lisstss

699 4359 809 4367 ——-——
815 4362 904 4368 ---—-..
