3142 5209
841 478 883 539 la

353 698 477 785 ingenio
489 706 521 765 et
534 700 741 766 adumbrando
754 702 925 767 charactere
937 711 1102 790 operatam
1118 712 1254 795 tempore
1267 733 1357 795 quam

353 850 531 927 argumento
547 848 577 907 et
590 843 716 907 consilio
731 849 854 909 tantum
865 844 946 909 inter
962 867 993 909 se
1017 845 1162 914 distantia
1174 872 1237 914 non
1253 851 1357 917 eadem

351 985 469 1054 trutina
492 1008 555 1050 csse
577 985 781 1073 ponderanda.
828 986 924 1053 Recte
946 990 1068 1055 monuit
1091 992 1354 1081 Hermannus1),

351 1127 385 1192 in
418 1128 549 1193 Luciani
583 1129 812 1195 characterismo
850 1129 959 1195 senilia
982 1130 1042 1195 viri
1067 1133 1179 1219 scripta
1203 1141 1234 1198 et
1257 1136 1356 1201 multo

351 1266 449 1353 magis
467 1267 620 1353 juvenilia
639 1268 699 1332 nisi
720 1291 808 1344 „cum
820 1291 915 1354 grano
927 1269 1015 1333 salis*
1030 1269 1168 1337 adhiberi
1180 1294 1242 1335 non
1256 1295 1353 1360 posse,

352 1408 466 1495 quippe
490 1432 569 1494 quae
599 1432 702 1475 veram
728 1409 878 1476 Lucianei
900 1411 1020 1497 ingenii
1047 1413 1179 1498 effigiem
1190 1414 1354 1481 admodum

350 1576 417 1618 raro
447 1552 618 1621 ostendant.
665 1554 734 1620 Nec
761 1554 894 1620 mirum:
917 1554 1051 1641 sophista
1074 1556 1156 1620 enim
1175 1579 1248 1642 prae
1262 1557 1354 1623 bene-

350 1694 503 1758 volentiae
530 1694 697 1780 captandae
723 1694 827 1760 studio
852 1717 942 1781 saepe
967 1694 1060 1759 verba
1083 1702 1114 1759 et
1130 1696 1296 1761 sententias
1316 1697 1355 1762 ad

351 1834 525 1900 auditorum
557 1841 675 1901 mentes
710 1842 741 1901 et
776 1835 953 1900 voluntates
984 1834 1207 1899 accommodare
1235 1835 1353 1904 debuit.

351 1970 480 2035 Maximi
507 1994 578 2037 vero
605 1972 752 2037 momenti
781 1982 855 2037 sunt
885 1970 1001 2055 dialogi
1025 1971 1292 2051 comico-satirici,
1320 1971 1354 2035 in

353 2111 465 2195 quibus
490 2112 565 2197 quid
589 2111 627 2177 de
655 2113 745 2178 rebus
772 2112 886 2181 divinis
907 2117 938 2175 et
960 2100 1102 2176 humanis
1124 2110 1183 2197 ipsi
1199 2109 1355 2176 videretur

353 2250 448 2316 libere
475 2252 614 2319 elocutus
637 2259 692 2318 est.

397 2391 456 2456 His
497 2392 714 2458 animadversis
749 2393 997 2479 disquisitionem
1032 2398 1166 2456 nostram
1189 2390 1235 2456 ita
1262 2391 1351 2457 insti-

349 2538 436 2596 tuere
471 2531 661 2618 propositum
684 2540 749 2615 est,
774 2539 811 2597 ut
838 2533 913 2617 quid
940 2531 1097 2598 Lucienus
1116 2553 1171 2619 per
1199 2538 1261 2595 tres
1283 2531 1354 2596 illas

350 2670 432 2735 vitae
459 2671 598 2758 periodos
617 2671 655 2736 de
678 2672 871 2761 philosophia
895 2678 927 2737 et
950 2672 988 2737 de
1007 2670 1197 2759 philosophis
1213 2671 1355 2737 statuerit

344 2809 458 2883 ,ordine
485 2832 680 2899 exponamus.

388 3133 413 3195 1)
442 3134 575 3184 Hermann.
593 3135 611 3185 l.
620 3135 637 3185 1.
655 3151 679 3200 p.
699 3134 766 3185 2102
796 3134 849 3194 „Ob
867 3134 918 3184 und
934 3149 983 3184 uas
1004 3133 1046 3184 tur
1063 3138 1159 3184 amoene
1177 3135 1311 3185 Umstdndc
1328 3135 1355 3183 in

352 3240 430 3290 diesen
459 3241 551 3291 Jahren
572 3244 624 3307 (per
640 3241 754 3290 ultimam
771 3240 838 3289 vitae
861 3243 964 3306 partem)
984 3241 1029 3292 den
1048 3241 1124 3291 heieu
1142 3242 1193 3305 flag
1210 3241 1252 3290 das
1271 3241 1357 3290 Adlcrs

352 3345 439 3395 wieder
466 3360 509 3395 zur
536 3345 600 3395 Erdc
618 3344 777 3408 uicdarzogcn
795 3343 830 3392 ist
848 3343 1008 3405 unbekannt;
1026 3359 1053 3393 so
1071 3344 1119 3394 viel
1136 3343 1194 3393 aber
1211 3345 1245 3393 ist
1262 3343 1357 3405 sicher,

352 3452 404 3503 dnae
433 3452 497 3503 dicae
524 3451 648 3503 Schriften
674 3466 721 3501 nur
747 3467 802 3502 cum
826 3467 907 3516 prauo
937 3451 1003 3502 ralia
1020 3467 1064 3501 zur
1082 3450 1276 3502 Choraktoristih
1292 3449 1358 3499 ihrer

351 3561 476 3613 Urhebera
505 3560 638 3627 gebraucht
668 3560 761 3610 werden
790 3560 900 3613 kdnnen.
945 3558 1016 3610 Noch
1044 3559 1114 3610 mehr
1143 3559 1200 3609 aber
1215 3558 1263 3623 gin
1281 3558 1356 3608 dieses

351 3685 399 3721 von
421 3670 464 3720 der
488 3668 602 3736 angleich
632 3672 744 3733 grestem
766 3666 828 3718 zahl
846 3667 934 3728 darer,
951 3665 990 3716 dic
1009 3667 1054 3717 wir
1074 3666 1156 3742 seinpn
1173 3662 1357 3729 Jugcndjahren

267 3832 269 3839 ,
352 3778 402 3827 und
428 3778 471 3828 der
496 3778 551 3828 neit
576 3794 619 3829 cor
641 3776 725 3843 jenem
749 3775 839 3827 rorhin
865 3774 1035 3827 bezeichnetcn
1055 3773 1167 3826 Narmal·
1184 3772 1234 3823 und
1250 3770 1354 3821 Wunde-

353 3884 441 3948 punctc
460 3880 577 3933 ruweisen
598 3884 709 3934 massan«
730 3895 755 3931 a.
773 3895 794 3931 s.
807 3888 844 3930 rr.

774 4069 977 4081 ...—
