3142 5209
810 514 853 573 46

327 758 387 837 ἔφη
399 802 409 833 ,
445 747 518 813 ἀλλ’
550 747 593 820 ὡς
632 748 750 807 πάντα.
787 738 809 805 i.
844 760 878 812 e„
893 745 930 803 ut
957 744 1080 805 aeterna
1104 745 1178 807 su'nt
1200 744 1323 823 omnia,

327 912 405 977 quae
428 910 446 953 e
475 879 601 948 materia
623 883 697 944 sunt
723 876 863 943 conflata.

370 1029 410 1093 In
446 1025 604 1090 beatorum
638 1017 758 1084 insulae
789 1015 993 1103 descriptione
1023 1018 1120 1083 saeete
1154 1018 1235 1087 ridet
1259 1044 1324 1103 eos,

298 1203 300 1205 ·
325 1169 380 1255 qui
402 1167 440 1231 de
462 1168 545 1229 statu
565 1158 724 1226 hominum
745 1163 815 1244 post
836 1164 964 1224 mortem
975 1166 1057 1224 oerta
1069 1160 1233 1228 docerent:
1255 1163 1324 1229 Ver.

325 1308 407 1371 Hirr.
430 1301 485 1368 lib.
508 1300 553 1383 H,
577 1320 642 1383 cap.
669 1298 729 1361 12:
757 1298 893 1380 Ἐσθῆτι
920 1296 955 1362 δὲ
982 1302 1134 1384 χρῶνται,
1158 1302 1325 1387 ἀραχνίοις

325 1450 472 1526 λεπτοῖς,
496 1448 679 1527 πορφυροῖς.
702 1442 794 1506 αὐτοὶ
817 1440 852 1506 δι’
871 1443 1002 1523 σώματα
1022 1443 1082 1523 μὲν
1103 1444 1159 1508 οὐκ
1184 1445 1323 1528 ἔχουσιν,

323 1589 395 1657 ἀλλ’
431 1588 565 1667 ἀναφεῖς
592 1586 647 1647 καὶ
686 1582 822 1665 ἄσαρκοί
852 1584 932 1660 εἰσι,
954 1588 1078 1665 μορφὴν
1104 1584 1211 1650 δὲκαὶ
1233 1586 1323 1654 ἰδέαν

323 1735 423 1817 μόνην
467 1727 678 1811 ἐμφαίνουσι,
712 1726 766 1787 καὶ
803 1724 966 1805 ἀσώματοι
1009 1728 1098 1800 ὄντες
1144 1728 1227 1811 ὅμως
1266 1724 1323 1796 οὖν

322 1877 487 1939 συνεστᾶσι
530 1870 584 1932 καὶ
631 1869 797 1931 κινοῦνται
831 1866 886 1929 καί
932 1870 1079 1949 φρονοῦσι
1119 1872 1175 1932 καὶ
1214 1875 1324 1952 φωνὴν

323 2017 440 2114 ἅριὸισι
466 2038 497 2077 κ.
519 2036 546 2075 τ.
569 2008 599 2073 λ.
644 2006 730 2070 Haeo
753 2003 792 2069 de
815 2002 910 2068 animi
934 2003 1173 2072 immortalitate.

365 2146 510 2230 Denique
531 2164 635 2208 omnes
656 2140 780 2205 omnino
792 2138 1023 2224 disquisitiones
1042 2138 1080 2204 de
1095 2138 1189 2204 animi
1201 2140 1321 2207 immor·

322 2290 453 2367 talitate,
463 2286 501 2350 de
513 2285 569 2349 deo
579 2281 689 2348 mundi
700 2280 816 2367 opifice,
830 2285 888 2344 oet.
901 2277 1008 2344 inanes
1018 2279 1190 2346 Lucienum
1201 2280 1324 2350 duxisse

321 2431 395 2497 satis
418 2434 503 2515 patet
522 2449 560 2491 ex
582 2424 630 2507 iis,
656 2446 734 2508 quae
750 2424 809 2487 Bia
823 2425 892 2487 Αοο.
906 2444 971 2507 cap.
987 2424 1028 2484 34
1041 2428 1147 2486 contra
1158 2422 1325 2509 Dialogum

322 2568 479 2653 disputat:
511 2564 583 2631 ἀλλ’
619 2564 680 2644 ἐγὼ
711 2558 772 2627 οἷδ’
804 2566 885 2645 ἅπερ
917 2559 1056 2644 μάλιστα
1081 2559 1177 2627 λυπεῖ
1201 2566 1322 2645 αὐτὸν,

322 2716 371 2777 ὃτι
405 2715 446 2793 μὴ
481 2713 521 2775 τὰ
551 2707 684 2793 γλίσχρα
718 2710 825 2773 ε’κεῖνα
861 2710 915 2770 καί
949 2704 1050 2769 λεπταὶ
1080 2712 1224 2790 κάθημαι
1246 2712 1323 2792 πρὸς

322 2855 420 2919 αυτὸν
456 2846 646 2934 (Dialogum)
689 2846 1009 2932 σμικρολογούμενος,
1046 2850 1074 2911 εἰ
1106 2848 1272 2925 ἀθάνατος
1301 2858 1322 2932 η’

319 2994 408 3073 ψυχὴ
439 2992 493 3052 καὶ
527 2992 625 3061 πόσας
655 2984 790 3059 κοτιίλας
821 2988 839 3047 o‘
874 2988 970 3064 θεός,
1001 2988 1098 3049 ὁπότε
1127 2990 1184 3053 τὸν
1206 2990 1320 3068 κόσμον

319 3126 579 3206 κατεσκευάζετο,
615 3135 671 3210 τῆς
699 3126 831 3208 ἀμιγοῦς
862 3127 917 3189 καί
945 3127 1030 3189 κατὰ
1058 3126 1162 3191 ταύτὰ
1193 3130 1321 3210 ἐχούσης

319 3269 427 3343 οὐσίας
455 3268 579 3353 ἐνέχεεν
610 3271 641 3343 ἒς
672 3271 736 3333 τὸν.
757 3274 916 3351 κρατῆρα,
940 3269 975 3331 ἐν
1006 3254 1035 3349 oi
1052 3268 1093 3329 τὰ
1115 3273 1224 3333 πάντα
1251 3272 1321 3332 ἐκε-

318 3416 455 3491 ράννυτο
471 3436 502 3485 κι
522 3434 552 3487 τ,
566 3409 595 3491 t,
618 3408 711 3493 Ergo,
736 3405 820 3492 quod
846 3405 976 3493 spinosis
1001 3404 1069 3471 istis
1093 3405 1321 3491 quaestionibus

319 3570 382 3612 non
408 3548 546 3635 gaudeo,
569 3548 653 3629 ideo,
676 3549 797 3635 inquit,
822 3548 954 3634 Dialogo
978 3548 1096 3613 invisus
1119 3571 1196 3613 snm.

362 3686 518 3752 Lucienus
539 3688 637 3773 igitur
656 3711 725 3754 oum
747 3688 808 3753 Dei
830 3687 1025 3752 existentiam
1045 3695 1076 3752 et
1097 3687 1320 3773 providentiam

318 3828 350 3887 et
372 3824 467 3889 animi
490 3824 751 3891 immortalitatem
773 3826 864 3891 certis
886 3827 1075 3911 argumentis
1095 3825 1216 3911 probari
1232 3848 1319 3912 posse

317 3972 461 4049 negaret,
494 3966 665 4055 desperavit
696 3968 735 4033 de
756 3968 970 4055 philosophia,
1004 3977 1041 4034 ut
1065 3992 1143 4053 quae
1165 3970 1198 4033 in
1228 3969 1320 4034 rebus

315 4102 501 4186 gravissimis
541 4128 647 4170 verum
681 4106 820 4171 invenire
859 4130 921 4172 non
955 4113 1069 4192 posset3
1096 4106 1206 4172 maluit
1234 4106 1316 4171 enim
