3142 5209
719 520 760 580 29

242 746 371 836 sophos,
407 750 499 830 quam
527 752 564 812 ut
599 767 695 834 pauca
721 744 778 810 illa
800 745 1043 830 argumentando
1068 747 1239 836 probarent.

287 886 386 954 Aliud
419 892 634 972 argumentum
667 886 783 974 profert
805 885 1038 967 Hermotimus,
1074 889 1156 972 quod
1181 890 1242 955 huc

243 1030 306 1094 fere
327 1028 429 1094 redit:
454 1030 509 1113 qui
533 1027 641 1093 vinum
668 1049 766 1093 emere
789 1028 886 1116 cupit,
906 1028 1036 1117 probum
1057 1030 1242 1097 vinivendi-

245 1177 342 1235 torem
375 1167 441 1233 adit
477 1174 508 1233 et
537 1190 574 1233 ex
609 1168 722 1253 exiguo
753 1165 919 1255 specimine
945 1173 1046 1233 totum
1072 1168 1222 1256 dijudicat
1233 1198 1243 1250 ;

245 1310 327 1375 idem
364 1308 398 1373 in
432 1309 681 1397 philosophorum
715 1304 863 1370 doctrinis
901 1304 1085 1372 iaciendum.
1138 1308 1244 1394 Negat

246 1452 403 1536 Lucium,
445 1452 500 1537 qui
541 1474 646 1516 rursus
683 1455 786 1515 monet
824 1447 863 1513 ab
896 1449 1067 1514 adversario
1101 1472 1184 1533 rea,¹
1206 1452 1244 1515 de

247 1596 359 1682 quihus
397 1596 480 1661 inter
517 1617 621 1659 omnes
654 1599 790 1676 constat,
830 1593 996 1679 comparari
1031 1617 1102 1659 cum
1126 1594 1180 1679 iis,
1206 1594 1245 1660 de

247 1738 359 1824 quihus
389 1736 575 1802 dissentiunt
602 1736 666 1802 fere
689 1758 814 1815 omnes3
843 1756 939 1820 quum
954 1741 1058 1801 autem
1071 1736 1245 1825 philosophi

247 1882 285 1946 de
306 1880 416 1945 iisdem
440 1879 531 1945 rebus
557 1879 618 1945 alio
646 1878 696 1942 die
721 1877 812 1942 aliter
823 1882 977 1957 statuant,
990 1879 1245 1963 comparationem

248 2022 293 2085 ita
315 2018 437 2084 demum
454 2020 569 2104 justam
596 2018 660 2082 fore
683 2016 776 2096 dicit,
804 2015 831 2079 si
856 2037 911 2080 vas
925 2038 986 2082 non
1003 2016 1075 2081 vino
1087 2016 1140 2081 sed
1152 2017 1246 2081 variis

248 2160 415 2226 seminibus
439 2159 593 2246 repletum
618 2180 689 2224 cnm
711 2156 904 2244 philosophia
929 2164 1128 2243 comparetur.

206 2346 218 2355 .
293 2299 360 2365 Iam
411 2299 516 2362 inania
554 2296 739 2361 Hermotimi
781 2302 961 2382 argumenta
997 2296 1081 2362 mtis
1114 2300 1247 2366 refutata

250 2438 395 2518 credens,
438 2460 517 2501 nova
545 2437 654 2517 affert,
677 2435 905 2522 quibusquam
930 2436 1053 2502 difficile
1079 2438 1121 2503 sit
1143 2460 1246 2503 veram

249 2575 388 2663 invenire
417 2575 639 2662 philosophiam
677 2573 827 2641 ostendat.
879 2574 962 2639 Nam
1002 2576 1136 2662 primum
1160 2599 1245 2663 prae-

249 2721 297 2778 ter
330 2712 508 2777 interiorem
547 2712 733 2777 diversarum
775 2710 1006 2799 disciplinarum
1042 2713 1249 2797 cognitionem

249 2859 417 2945 requiritur
455 2880 523 2922 acre
546 2864 577 2921 et
599 2857 715 2922 subtile
736 2857 900 2943 ingenium
914 2862 936 2945 ¹)
965 2859 1005 2925 ad
1030 2884 1081 2926 eas
1102 2861 1185 2926 inter
1215 2884 1248 2927 se

251 2998 482 3085 dijudicandas3
517 3003 585 3063 tum
623 2996 688 3061 fieri
722 2997 817 3064 etiam
849 3005 950 3085 potest
971 3006 1009 3065 ut
1031 3021 1121 3064 nemo
1146 3023 1249 3067 veram

251 3140 473 3229 philosophiam
506 3139 669 3207 invenerit.
717 3140 830 3226 Neque
863 3140 964 3207 minor
986 3142 1150 3209 difficultas
1176 3143 1250 3209 inde

252 3283 339 3349 nobis
371 3282 526 3363 nascitur,
563 3280 646 3367 quod
668 3282 799 3368 optimos
824 3284 975 3370 cujusque
996 3285 1116 3349 scholae
1137 3286 1249 3371 magis·

264 3551 511 3561 ψ

290 3763 314 3824 1)
335 3760 393 3827 Cap.
413 3762 461 3811 642
497 3755 637 3830 κριτικῆς
666 3774 773 3829 τινος,
810 3742 1028 3830 ὦθανμάοιε,
1051 3750 1105 3810 καὶ
1125 3747 1252 3823 ἐξετασ-

253 3860 341 3935 τικῆς
372 3858 571 3933 παρασκευῆς
593 3853 646 3916 καὶ
670 3858 726 3916 νοῦ
746 3850 835 3925 ὀξέος
858 3851 911 3913 καὶ
936 3847 1082 3921 διανοίας
1102 3848 1251 3933 ἀκριβοῦς

253 3958 307 4021 καὶ
340 3953 514 4017 ἀδεκάστου
546 3948 684 4033 [ἐνδεῒ],
718 3953 791 4016 οἵαν
828 3955 884 4035 χρὴ
907 3944 1068 4032 εἶναιτὴν
1093 3951 1251 4032 περὶτῶν

253 4055 446 4139 τηλικούτων
489 4052 690 4119 δικάσουσαν
721 4058 742 4134 ἡ
772 4058 876 4135 μάτην
912 4054 956 4118 ἂν
987 4053 1119 4117 ἅπαντα
1150 4055 1251 4131 ἑωρα-

253 4180 334 4238 μενα
364 4178 421 4235 ειη.
