3142 5209
705 508 747 570 41

227 740 259 807 iu
294 739 385 807 rabns
422 736 555 824 physicis
583 756 684 821 neque
707 735 740 799 in
765 734 995 819 quaestionibus
1017 734 1231 821 metaphysicis

227 902 298 947 vera
331 902 348 945 a
382 876 571 966 philosophis
593 876 729 964 accipere
751 876 867 964 possit,
891 875 993 964 ipsum
1016 876 1081 942 adit
1101 876 1234 957 Jovemr

227 1029 263 1089 nt
291 1020 444 1089 derebus
467 1018 548 1085 tanti
570 1018 718 1083 momenti
741 1018 852 1084 certior
874 1018 937 1085 fiat.
961 1019 1102 1104 Ingenuo
1116 1020 1231 1086 fatetur

229 1183 260 1227 ss
299 1159 338 1225 de
371 1158 480 1235 mundi
503 1158 640 1245 origine,
665 1157 704 1222 de
726 1165 856 1226 naturae
878 1157 1008 1223 consilio
1018 1208 1028 1239 ,
1052 1158 1091 1223 de
1114 1182 1232 1225 summo

231 1300 337 1388 opifice
360 1276 440 1366 nihil
463 1300 539 1365 certi
561 1299 697 1386 potuisse
722 1298 862 1365 invenire
877 1301 913 1385 ¹),
941 1306 972 1364 et
992 1299 1181 1366 acerbissime
1196 1299 1231 1365 in

229 1441 425 1531 philosophos
461 1439 641 1522 invehitur,
678 1441 732 1526 qui
763 1440 801 1506 de
824 1440 1035 1507 incertissimis
1057 1442 1231 1526 quibusque

228 1580 318 1645 rebus
350 1586 433 1645 certa
466 1602 498 1645 ae
521 1578 688 1646 tradituros
713 1580 841 1667 professi
859 1581 1011 1647 contraria
1041 1589 1073 1647 et
1102 1582 1232 1649 absurda
1277 1618 1281 1626 .

231 1720 406 1807 proferant:
445 1725 557 1808 πρῶτα
586 1728 646 1806 μὲν
678 1727 739 1807 γὰρ
770 1724 882 1800 αὐτοῖς
904 1732 926 1808 ἡ
946 1728 1016 1809 περὶ
1038 1730 1094 1793 τοῦ
1116 1730 1233 1808 κόσμον

232 1868 342 1949 γνώμη
368 1863 529 1949 διάφορος,
553 1864 583 1929 εἶ’
602 1888 636 1945 γε
655 1870 722 1937 τοῖς
743 1866 804 1945 μὲν
824 1864 1000 1948 ἀγέννητὸς
1020 1890 1054 1929 τε
1075 1870 1129 1931 καὶ
1143 1868 1233 1934 οἰνώ-

231 2003 342 2087 λεθρος
379 1998 461 2072 εἶναι
495 2003 592 2085 δοκεῖ,
629 2005 661 2070 οἱ
692 2003 727 2070 δὲ
761 2008 815 2069 καὶ
838 2008 896 2072 τὸν
916 2005 1106 2090 δημιουργόν
1131 2008 1229 2072 αὐτοῦ

233 2149 287 2214 καὶ
320 2153 377 2229 τῆς
408 2152 604 2229 κατασκευῆς
625 2148 681 2211 τὸν
699 2149 818 2229 τρόπον
841 2150 942 2213 εἰπεῖν
969 2145 1157 2231 ἐτόλμησαν,
1178 2150 1233 2223 οὓς

232 2290 286 2353 καὶ
317 2285 456 2371 μάλιστα
489 2286 671 2368 ἐθαύμαζον
703 2290 781 2353 θεὸν
809 2285 870 2370 μέν
900 2312 975 2354 τινα
999 2289 1147 2373 τεχνίτην
1167 2292 1233 2355 τῶν

232 2422 316 2490 ὅλων
349 2429 551 2507 ἐφιστάντας,
572 2426 609 2492 οὐ
635 2427 869 2509 προστιθέντας
891 2425 926 2491 δὲ
953 2431 1025 2492 οὔτε
1047 2426 1126 2494 ὅθεν
1148 2429 1233 2509 ἥκων

232 2571 303 2633 οὔτε
323 2569 404 2633 ὅπου
425 2566 522 2643 ἑστὼς
544 2566 664 2633 ἕκαστον
687 2566 897 2634 ἐτεκταίνετο·
921 2566 1026 2633 καίτοι
1049 2570 1110 2649 πρὸ
1129 2592 1163 2645 γε
1178 2572 1234 2647 τῆς

234 2710 290 2769 τοῦ
322 2708 444 2781 παντὸς
476 2706 626 2786 γενέσεως
659 2689 821 2775 ἀδύνατον
843 2708 897 2772 καὶ
923 2710 1036 2792 χρόνον
1058 2708 1112 2770 καὶ
1134 2710 1234 2771 τόπον

234 2846 366 2911 ἐννοεῖν.
384 2842 409 2927 ²)
445 2841 558 2926 Neque
593 2848 697 2908 tamen
719 2864 825 2909 eorum
848 2865 881 2907 se
902 2840 1087 2907 sententiam
1109 2840 1237 2927 probare

234 2980 289 3065 qui
327 2980 400 3047 deos
437 3004 502 3047 esse
538 2989 674 3068 negent,
715 2982 799 3049 nude
822 2982 918 3049 addit.
966 2982 1044 3048 Cum
1074 2981 1122 3046 hr's
1145 2980 1236 3045 dictis

235 3120 371 3187 conferre
404 3143 512 3208 operae
546 3123 683 3210 pretium
716 3126 762 3206 est
773 3172 783 3203 ,
807 3144 886 3208 quae
904 3122 939 3187 in
965 3121 1147 3187 Hermotimo
1170 3141 1236 3203 cap.
1277 3157 1280 3162 ·

237 3260 277 3325 81
305 3259 344 3324 de
362 3260 556 3348 philosophia
580 3261 752 3327 Stoicorum
773 3259 979 3347 pantheistiod
1000 3257 1122 3323 disserit
1147 3257 1240 3321 homo

237 3399 389 3467 rusticus:
424 3404 579 3488 ἀκούομεν
607 3404 641 3469 δὲ
664 3406 761 3471 αὐτοῦ
788 3401 919 3488 (Stoicae
940 3398 1150 3487 philosophiae
1173 3420 1237 3463 sec-

240 3660 466 3671 ——-—.——-

273 3862 297 3921 1)
327 3862 386 3926 C²²1²·
413 3865 445 3915 4³
481 3855 517 3919 οὐ
541 3858 600 3937 γὰρ
624 3850 708 3939 εἶχον
732 3858 832 3939 εὑρεῖν
857 3854 1016 3929 οὔθ’ὃπως
1028 3854 1153 3933 ἐγένετο
1165 3856 1239 3917 οὔτε

238 3954 294 4017 τὸν
327 3951 518 4037 δημιουργὸν
550 3954 617 4021 οὔτ’
649 3958 767 4041 ἀρχὴν,
803 3957 877 4023 οὔθ’
906 3958 956 4021 ὅτι
979 3952 1127 4030 τὸτέλος
1151 3953 1239 4019 ἐστιν

241 4076 348 4117 αυτοο.

278 4176 304 4237 2)
324 4176 383 4241 Cep.
406 4178 432 4225 8.
