3142 5209
506 1398 906 1476 PRAEFATIO.

244 2304 425 2385 Neminem,
451 2305 505 2391 qui
529 2306 578 2369 vel
606 2304 791 2390 primoribus
821 2305 915 2369 labris
941 2307 1095 2394 Lucianeo
1124 2311 1195 2374 atti·

199 2443 288 2526 gerit,
310 2444 392 2529 fugit
417 2466 508 2529 quam
529 2442 736 2529 discrepantes
756 2450 787 2508 et
807 2445 975 2509 contrariae
989 2446 1052 2510 sint
1064 2446 1199 2513 virorum

199 2586 355 2652 doctorum
374 2585 412 2649 de
432 2586 524 2671 hujus
552 2585 708 2671 scriptoris
731 2584 858 2669 iugenio
875 2587 1055 2654 sententiae.
1080 2588 1198 2653 Sufficit

197 2726 402 2791 recensionem
426 2751 443 2791 a
466 2725 580 2791 Jacobo
594 2729 615 2810 ¹)
640 2726 816 2791 institutam
839 2726 960 2811 legisse,
980 2734 1016 2791 ut
1036 2750 1196 2813 cognosca-

196 2876 248 2933 tur
289 2868 363 2934 iude
401 2893 418 2932 a
452 2868 614 2933 Lactantio
649 2891 747 2955 usque
783 2868 822 2932 ad
845 2877 981 2933 nostram
1004 2877 1135 2935 aetatem
1158 2872 1196 2935 de

196 3009 284 3075 illius
306 3010 424 3075 meritis
448 3010 604 3095 utrimque
629 3008 716 3094 quasi
743 3009 781 3073 de
804 3009 939 3074 Patrocli
964 3033 1087 3097 corpore
1114 3035 1194 3077 acer-

196 3152 272 3216 rime
306 3158 479 3238 pngnatum
506 3174 578 3217 esse.
626 3151 739 3235 Neque
762 3149 796 3213 id
823 3151 1005 3219 mirandum.
1041 3155 1196 3219 Lucienus

198 3292 280 3357 enim
307 3314 376 3356 cum
402 3290 586 3375 religionem
613 3292 793 3376 popularem
816 3290 990 3375 saepissime
1012 3292 1105 3374 lusit,
1129 3300 1197 3357 tum

197 3433 290 3497 etiam
322 3431 360 3495 de
398 3431 519 3495 Socrate
551 3451 648 3515 aeque
671 3451 705 3493 ac
728 3430 765 3493 dc
793 3429 915 3493 Christo
942 3412 1069 3517 ejusque
1099 3442 1194 3499 secta-

195 3572 331 3653 toribus,
367 3593 474 3657 parum
504 3570 665 3655 magnifice
695 3568 870 3655 judicavit3
904 3593 1063 3656 nunquam
1097 3573 1195 3659 igitur

194 3716 375 3797 defuerunt,
416 3712 470 3797 qui
511 3710 666 3796 indignati
709 3710 792 3794 quod
826 3712 1014 3777 sanctissima
1055 3737 1194 3800 quaeque

196 3928 402 3942 W

230 4078 254 4138 l)
274 4070 464 4123 Choraltoristik
493 4069 595 4119 Lucium
625 4084 673 4119 von
706 4072 829 4121 Samosata
861 4087 909 4121 von
940 4073 999 4121 Kurl
1015 4075 1094 4137 Georg
1111 4075 1196 4128 Jacob.

195 4182 338 4245 Hamburg‚
355 4180 393 4229 bei
411 4178 453 4228 nr.
476 4177 587 4229 Parthos.
607 4177 685 4228 1832.
703 4193 757 4247 pag.
781 4179 877 4233 3-17.

1044 4280 1061 4339 1
