3142 5209
821 511 861 571 30

330 757 393 815 tros
422 747 461 813 ab
483 740 634 830 imperitis
656 738 834 825 dignoscere
860 758 915 801 nos
936 743 1066 823 oportet.
1113 735 1204 802 Nihil
1233 737 1332 824 igitur

332 888 420 952 nobis
454 890 569 966 restat,
608 878 668 944 nisi
702 884 739 943 ut
765 876 948 963 magistrum
970 875 1185 958 inveniamus,
1210 877 1265 962 qui
1292 877 1330 944 de

331 1026 588 1095 demonstratione
634 1022 735 1109 deque
777 1021 942 1089 dubiorum
979 1019 1198 1105 dijudicatione
1235 1028 1332 1086 artem

332 1194 424 1256 qnam
467 1167 550 1234 norit
592 1188 647 1231 nos
693 1163 822 1243 doceat,
862 1185 959 1247 quum
993 1184 1065 1227 vero
1097 1161 1159 1250 ipsi
1195 1162 1247 1228 illi
1274 1165 1332 1229 hoc

330 1312 369 1377 dc
413 1333 445 1376 se
492 1307 649 1396 profitenti
693 1304 815 1370 credere
861 1326 924 1368 non
965 1302 1058 1368 liceat
1069 1352 1086 1395 ,
1123 1303 1202 1368 alter
1244 1304 1333 1372 nobis

330 1447 521 1516 adhibendus
562 1428 622 1512 erit
633 1496 642 1527 ,
679 1443 735 1531 qui
770 1448 878 1509 utrum
913 1464 986 1508 vera
1023 1442 1062 1506 de
1099 1465 1133 1508 se
1153 1443 1332 1530 profiteatur

329 1591 474 1676 magister
511 1588 566 1655 ille
585 1608 681 1652 necne
704 1583 871 1670 dijudicare
893 1583 1008 1671 possit3
1033 1584 1078 1649 ita
1097 1543 1202 1649 autem
1225 1583 1330 1649 cadem

330 1753 428 1817 usqne
463 1733 598 1795 recurret
633 1725 808 1792 difficultas.
854 1725 1011 1791 Postremo
1044 1725 1241 1813 philosophos
1272 1728 1330 1792 tali

106 1852 109 1857 Ι
166 1950 172 1969 ἰ
214 1953 217 1957 ,
329 1866 565 1955 argumentandi
604 1865 723 1930 ratione
746 1864 795 1931 uti
818 1864 915 1946 dicit,
940 1888 1001 1949 qua
1031 1872 1086 1931 ant
1108 1868 1147 1933 ab
1169 1866 1330 1953 principiis

329 1998 456 2075 miniinc
492 1994 583 2071 certis
617 1967 866 2092 proficiscantur,
898 2010 953 2071 aut
983 2004 1101 2070 incerta
1137 2012 1169 2070 et
1202 2006 1330 2071 obscura

292 2198 296 2207 ,
329 2173 400 2216 cum
422 2146 591 2236 perspicuis
618 2153 649 2212 et
675 2144 811 2233 probatis
832 2144 991 2213 misceant.

376 2294 436 2360 His
466 2293 626 2381 expositis,
662 2291 889 2357 Hermotimum
917 2313 1020 2356 senem
1053 2290 1102 2356 his
1135 2293 1198 2356 iere
1228 2291 1329 2357 verbis

329 2435 524 2502 consolatur:
557 2432 631 2498 Non
654 2439 690 2497 tu
722 2431 805 2497 solus
827 2454 845 2495 a
874 2429 1003 2517 speratis
1023 2429 1089 2495 illis
1112 2429 1199 2495 bonis
1223 2430 1328 2518 procul

329 2600 447 2659 manes,
463 2576 517 2641 sed
531 2596 635 2640 omnes
650 2578 803 2657 quotquot
817 2572 1073 2662 philosophantur
1093 2571 1181 2656 quasi
1197 2570 1236 2636 de
1252 2569 1329 2635 asini

328 2718 436 2787 umbra
454 2716 537 2782 iuter
557 2682 593 2779 se
603 2719 754 2803 pugnant.
800 2713 875 2778 Non
897 2712 980 2777 enim
1001 2711 1108 2777 datum
1133 2719 1180 2777 est
1196 2712 1327 2793 homini,

329 2866 450 2927 uttam
476 2858 593 2923 elatum
614 2878 739 2945 scopum
762 2853 876 2921 mentis
897 2852 963 2919 acie
986 2854 1132 2941 attingat.
1182 2854 1328 2920 Novaro

328 3006 489 3089 propterea
511 2996 588 3063 mihi
608 2996 751 3079 irascare,
773 2994 830 3080 qui
854 3001 887 3061 te
910 3017 949 3061 er
971 2994 1057 3061 dulci
1081 2995 1198 3061 somnio
1213 2995 1326 3063 excita-

327 3139 434 3206 verim.
459 3137 579 3203 Erroris
598 3158 688 3201 causa
706 3136 781 3200 haec
797 3157 861 3200 esse
877 3134 954 3201 mihi
973 3135 1118 3204 ridetur:
1135 3158 1215 3221 quae
1229 3136 1328 3226 prima

326 3282 472 3369 magister
498 3279 558 3347 tibi
580 3278 709 3345 tradidit
729 3279 807 3344 falsa
828 3284 915 3344 erant
926 3304 936 3358 3
959 3284 997 3345 tn
1020 3284 1141 3359 autem,
1165 3301 1236 3344 cum
1267 3278 1327 3343 ista

327 3449 390 3491 non
412 3425 457 3488 ita
479 3429 517 3488 ut
540 3445 594 3511 par
616 3423 717 3487 fuerat
739 3421 965 3508 exploravisses,
987 3426 1093 3507 postea
1112 3419 1327 3485 absurdissima

327 3586 487 3652 quaeque,
523 3562 685 3629 dummodo
716 3586 786 3629 oum
808 3560 915 3651 primis
940 3561 1006 3626 illis
1026 3563 1246 3642 consentirent,
1270 3583 1326 3650 pro

326 3705 408 3771 veris
431 3703 576 3771 habuisti.
614 3702 713 3769 Multi
733 3708 834 3768 aetate
852 3702 1065 3790 provectiores,
1090 3701 1147 3767 etsi
1164 3724 1196 3766 se
1217 3699 1325 3791 decep·

325 3850 373 3907 tos
408 3865 471 3907 esse
505 3866 523 3907 a
557 3841 745 3930 philosophis
782 3804 892 3930 probe¹
912 3842 1032 3924 sciunt,
1065 3846 1184 3922 tacent,
1215 3864 1256 3906 ne
1288 3840 1327 3906 de

325 3981 455 4071 pristino
481 3982 604 4046 honoris
626 3989 709 4050 statu
735 3981 939 4069 dejiciantu13
975 3982 1001 4047 si
1023 4005 1095 4048 vero
1117 3982 1254 4068 aliquem
1275 3983 1323 4045 in-

325 4120 444 4185 veneris
468 4121 522 4206 qui
545 4123 600 4187 hoc
623 4122 661 4185 de
684 4144 715 4186 se
738 4122 933 4211 profiteatur,
955 4124 1038 4188 hunc
1060 4123 1126 4189 reri
1152 4128 1322 4201 amantem,
