3142 5209
722 523 762 586 27

239 748 338 815 facere
368 754 521 833 quatuor,
551 771 614 815 non
638 771 745 817 omnes
767 751 902 817 adeundi
925 761 1016 819 erunt
1037 755 1244 841 arithmetici,

239 899 276 958 ut
310 897 415 958 utrum
448 891 506 956 hac
536 890 570 955 in
600 912 634 957 re
668 893 861 959 consentiant
891 917 988 961 necne
1010 919 1190 981 cognoscas;
1218 898 1245 964 si

240 1056 312 1120 ergo
350 1033 446 1099 Stoici
483 1055 556 1099 vera
586 1033 717 1116 docent,
754 1058 818 1101 non
853 1060 975 1105 necesse
1004 1040 1102 1106 habeo
1131 1049 1247 1108 eeteros

240 1177 324 1243 adire
360 1176 566 1264 philosophos.
614 1177 664 1243 Ad
696 1178 770 1242 haee
804 1178 962 1246 Lucinas:
990 1181 1083 1247 Nihil
1117 1182 1156 1247 ad
1181 1206 1246 1249 rem

243 1328 289 1387 est
324 1319 408 1406 quod
436 1317 564 1401 dixisti,
597 1341 616 1385 0
639 1316 736 1401 bone,
760 1343 857 1405 quum
878 1342 947 1404 res,
971 1319 1009 1386 de
1032 1321 1146 1406 quibus
1167 1323 1249 1391 inter

241 1482 345 1527 omnes
368 1466 501 1541 constat,
525 1462 746 1547 comparaveris
772 1486 843 1527 oum
865 1463 922 1544 iis,
946 1463 986 1530 de
1009 1465 1121 1549 quibus
1143 1489 1247 1532 omnes

241 1600 445 1683 dissentiunt,
481 1601 633 1667 axiomata
676 1601 867 1669 arithmetica
904 1627 975 1671 oum
1015 1606 1246 1691 quaestionibus

241 1739 499 1831 philosophorum.

287 1880 386 1947 Aliud
406 1883 616 1951 Hermotimus
639 1884 812 1971 exemplum
823 1884 938 1971 profert
952 1884 1065 1951 hoeoer
1088 1884 1140 1969 Si,
1162 1892 1245 1973 post·

243 2046 335 2109 quam
361 2024 422 2091 duo
451 2024 590 2091 homiues
615 2025 649 2090 in
678 2024 830 2111 templum
854 2025 1070 2110 intraverunt,
1100 2029 1247 2113 poculum

242 2164 325 2229 furto
339 2162 381 2228 sit
400 2161 548 2243 ablatum,
570 2162 643 2229 satis
661 2162 721 2228 erit
738 2162 772 2228 in
796 2162 928 2229 alterum
946 2162 1155 2249 inquisivisse.
1178 2165 1247 2233 Hoc

243 2312 458 2392 argumentum
472 2304 517 2371 ita
532 2311 673 2371 attenuat
687 2304 848 2386 Lucinas,
870 2312 908 2371 ut
922 2329 987 2371 ram
998 2306 1037 2372 ab
1051 2306 1245 2374 Hermotimo

243 2468 352 2532 parum
373 2452 456 2510 recte
479 2467 543 2511 esse
566 2444 750 2532 propositam
771 2443 923 2513 ostendat.
959 2445 1020 2512 Fac
1038 2469 1101 2513 nou
1116 2448 1178 2514 duo
1192 2448 1246 2513 scd

243 2587 346 2672 plures
372 2585 513 2651 homines
547 2584 581 2650 in
613 2586 765 2671 templum
796 2584 947 2669 intrasse,
979 2593 1135 2673 praeterea
1168 2586 1245 2672 quid

244 2734 382 2814 ereptum
404 2726 445 2791 sit
468 2732 499 2792 et
522 2748 560 2791 ex
583 2748 644 2811 qua
668 2724 796 2790 materia
818 2726 991 2792 confectum
1013 2727 1107 2813 plane
1127 2728 1241 2794 latere:

243 2892 347 2934 omnes
369 2868 469 2955 igitur
484 2867 618 2933 exuendi
630 2874 730 2950 erunt,
744 2867 800 2953 qui
812 2868 963 2954 templum
973 2868 1102 2954 ingressi
1114 2877 1196 2952 sunt,
1214 2877 1245 2935 et

242 3009 332 3075 rebus
354 3007 496 3077 omnibus
517 3007 552 3073 iu
573 3006 675 3073 medio
698 3006 845 3093 depositis
866 3013 1006 3073 nostrum
1028 3008 1087 3074 erit
1110 3012 1244 3087 εἰκάζειν

244 3153 261 3216 ὅ
282 3176 314 3217 τι
339 3150 411 3216 ποτ’
436 3151 545 3217 αὐτῶν
566 3149 682 3232 πρέποι
703 3152 746 3217 ἂν
765 3152 853 3216 θεῶν
874 3161 978 3231 κτῆμα
996 3151 1133 3215 οἴεσθαι.

288 3286 376 3353 Idem
413 3291 557 3373 provocat
578 3285 618 3350 ad
641 3284 809 3366 rationem,
831 3308 892 3370 qua
914 3284 949 3349 in
967 3285 1053 3350 ludis
1074 3286 1245 3373 Olympicis

243 3429 394 3497 subsessor
438 3432 468 3515 (ὁ
489 3430 629 3513 ἔφεδρος)
664 3425 818 3513 eligatur,
856 3448 919 3512 quo
941 3424 1055 3491 clarius
1077 3436 1242 3513 appareat,

242 3594 311 3651 nos,
334 3568 395 3634 nisi
417 3591 521 3634 omnes
541 3568 792 3665 philosophorum
815 3565 968 3633 doctrinas
982 3567 1120 3653 cognitas
1133 3568 1243 3635 habea·

243 3732 330 3790 mus,
353 3730 458 3773 reram
475 3705 616 3771 invenire
638 3728 701 3771 non
730 3727 828 3793 posse.
874 3702 1013 3786 Quodsi
1035 3724 1108 3769 vero
1130 3702 1243 3790 magis·

242 3855 326 3914 trum
358 3846 418 3912 tali
444 3844 582 3913 doctmna
607 3844 794 3911 instructum
823 3843 964 3909 invenire
988 3866 1051 3909 non
1072 3841 1244 3931 possimus,

245 3984 304 4074 ipsi
338 3985 372 4053 in
406 3985 600 4072 singularum
633 3984 807 4051 scholarum
840 3982 955 4071 placita
984 3981 1177 4067 inquiramus
1211 3988 1244 4049 et

246 4150 324 4213 quae
360 4127 398 4193 ab
436 4149 622 4213 unaquaque
655 4126 850 4213 proferantur
889 4131 1009 4191 attento
1043 4124 1145 4191 animo
1184 4122 1242 4189 sub
