3142 5209
691 492 806 553 11-

216 722 307 806 plane
333 721 420 788 latet.
467 719 559 803 Quod
592 725 695 785 autem
722 717 760 783 ad
789 740 904 783 annum
930 716 1060 783 Luciani
1087 721 1220 785 natalem

216 860 338 942 attinet,
355 860 538 927 Wielandus
554 863 577 946 ¹)
599 883 679 927 anno
691 858 815 925 CXVII
835 882 866 945 p.
883 858 955 928 chr.
969 881 1021 941 n.,
1038 860 1181 927 Struvius
1193 864 1217 946 2)

218 1026 298 1069 anno
332 1003 454 1071 CXXX
495 1026 525 1090 p.
568 1003 625 1069 Oh.
665 1026 697 1068 n.
740 1008 849 1068 natum
888 1025 959 1069 eum
993 1002 1218 1069 existimabant.

216 1142 398 1208 Accuratius
420 1162 492 1208 vero
515 1143 593 1208 hanc
625 1140 836 1227 quaestionem
861 1142 1093 1228 explicaverunt
1111 1142 1218 1210 Wetz-

218 1282 313 1347 larius
324 1281 349 1366 ³)
375 1289 407 1348 et
428 1281 626 1368 Maesius⁴);
652 1304 782 1368 quorum
805 1283 856 1349 hio
878 1304 995 1348 annum
1009 1284 1076 1370 ejus
1086 1285 1222 1351 natalem

215 1446 277 1489 non
300 1423 436 1511 potuisse
458 1432 528 1513 post
554 1448 571 1491 a
594 1425 713 1492 CXXV
739 1449 770 1512 p.
799 1424 855 1491 ch.
884 1447 915 1491 n.
944 1423 1079 1491 incidere
1093 1424 1217 1491 demon·

216 1565 344 1647 stravit,
384 1565 440 1630 ille
478 1564 580 1651 ipsum
612 1566 695 1631 hunc
732 1587 849 1631 annum
887 1564 1021 1630 natalem
1061 1564 1090 1631 ei
1124 1566 1218 1632 tuisse

214 1704 414 1793 probabiliter
436 1705 608 1771 constituit.

261 1848 307 1913 Ut
336 1845 468 1913 Luciani
498 1845 564 1912 vita
597 1847 631 1913 in
666 1854 729 1914 tres
756 1853 875 1935 partes,
916 1847 960 1911 ita
998 1845 1111 1934 scripta
1153 1848 1219 1933 ejus

215 1989 248 2055 in
271 1989 332 2056 tria
354 2013 467 2077 genera
492 1991 647 2079 aptissime
673 1989 878 2057 dividuntur:
910 1989 1023 2077 scripta
1056 1990 1219 2078 sophistica

211 2130 372 2215 juvenilia,
393 2130 531 2217 dialogos
546 2131 820 2213 comico-satiricos,
832 2132 1027 2197 recitationes
1041 2132 1218 2219 sophisticas

215 2271 336 2340 seniles.
371 2274 445 2340 Non
468 2281 514 2341 est
539 2275 622 2361 quod
644 2297 782 2341 moneam
804 2274 839 2340 in
862 2274 1049 2341 aestimando
1064 2274 1219 2362 scriptoris
1312 2308 1314 2311 v

220 2510 486 2522 m-

218 2657 302 2715 ociani
320 2658 382 2710 hbro
400 2659 461 2721 XII,
478 2660 530 2726 lege
549 2661 610 2724 192,
617 2658 701 2722 ritu,
708 2660 737 2711 ds
747 2659 933 2712 decurionibus:
948 2660 987 2720 „ai
995 2674 1055 2725 quos
1066 2665 1216 2726 spontaneos

217 2770 510 2835 „typomncaaatoprapba’
537 2767 726 2835 (Alexandrinae
743 2767 865 2832 civitatis)
884 2770 1011 2835 munificos
1029 2767 1083 2819 ruia
1101 2769 1218 2821 extorta·

218 2878 346 2934 ,tionibus
365 2878 400 2929 ad
412 2877 530 2943 publicae
548 2876 731 2928 nominaverint
742 2876 910 2943 functiones,
928 2875 1080 2940 Aupuetala'a
1097 2876 1217 2927 Jubme

217 3000 288 3040 anca
315 2983 493 3051 expectandum
510 2998 567 3034 em
584 2997 746 3044 eonsensum,
764 2981 807 3047 qui
818 2982 855 3046 fit
869 2982 1012 3047 plerunque
1030 2982 1151 3032 venalia*
1171 2984 1217 3033 etc.

217 3104 312 3153 ,quam
327 3088 408 3139 locum
425 3087 535 3139 Valesius
553 3088 734 3153 comparaverat
751 3087 781 3138 ad
799 3086 921 3138 Ammian.
939 3086 1051 3137 Marcell.
1069 3087 1112 3147 28,
1131 3087 1156 3147 1,
1173 3086 1217 3147 21,

215 3198 266 3257 „et
291 3196 354 3265 apud
382 3193 509 3246 Philonem
530 3196 650 3247 Judaeum
668 3195 779 3245 adversus
798 3193 919 3253 Flaccum,
938 3193 988 3245 vol.
1007 3193 1032 3244 2.
1050 3210 1075 3259 p.
1094 3194 1154 3255 tao,
1173 3195 1215 3257 21,

217 3303 270 3364 „de
286 3302 408 3369 Lampono
426 3302 529 3366 quodam
544 3303 700 3366 loquentem,
718 3288 879 3373 παρεστὼς
901 3292 961 3371 γὰρ
982 3297 1048 3365 τοῖς
1070 3296 1216 3374 ἡγεμόσιν

217 3397 338 3459 ’ὁπότε
366 3392 558 3473 δικάζοιντο,
582 3368 854 3475 ὑπεβνηματίζετο
876 3394 934 3466 τὰς
964 3390 1056 3466 δίκας
1084 3396 1217 3472 εἰσάγων

216 3496 283 3568 acic
302 3493 384 3576 ἔχων
406 3492 507 3569 τάξιν“
529 3486 597 3557 εἶτα
619 3494 740 3573 τὰμὲν
762 3489 937 3574 ἀπήλειψεν
958 3491 1214 3574 ἤπαρῄειὲκών,

217 3622 231 3649 u
245 3595 286 3657 τὰ
308 3591 376 3658 δὀὐ
400 3590 561 3676 λεχθέντα
582 3585 867 3677 πρὸσενέταςτεν.’

252 3710 278 3779 1)
296 3715 350 3766 1.1.
368 3714 412 3767 rh.
432 3716 457 3767 1.
475 3716 499 3764 S.
518 3708 623 3767 nvn(

250 3824 275 3887 2)
294 3824 331 3874 De
348 3826 426 3874 aetate
443 3822 543 3874 Luciani
560 3824 658 3890 scripsit
673 3823 704 3877 11.
722 3826 766 3876 Aa.
785 3821 1213 3889 Stravim,Gorlicii,1820pag.8.

250 3934 275 3996 3)
295 3931 354 3984 (lod.
383 3931 498 3982 Wetdar.
522 3930 700 3983 Commentdtio
720 3932 748 3983 de
766 3934 860 3994 aetate,
877 3933 929 3983 rita
947 3936 973 3983 et
989 3931 1086 3998 seriptis
1102 3931 1212 3984 Luciani.

215 4040 352 4105 Morbum,
370 4038 456 4101 1834,
473 4054 529 4105 pag.
547 4039 644 4091 4-12.

253 4150 278 4211 4)
298 4147 374 4200 Meas.
392 4149 409 4200 1.
427 4148 444 4199 1.
462 4164 487 4213 p.
506 4148 620 4202 70-72.
