3142 5209
713 517 753 581 m

213 748 357 815 Eruditio
383 770 475 834 quam
500 748 671 826 Socratem,
700 770 792 833 quem
814 746 942 833 perinde
967 768 1001 811 ao
1022 744 1214 830 Iauoiannm,

212 888 303 952 missa
324 894 392 952 arte
412 884 569 967 statuaria,
593 884 748 950 doetrinae
770 886 851 951 fama
872 886 1097 955 nobilitaverat.
1129 889 1215 955 Haeo

215 1025 253 1091 de
275 1028 397 1091 Socrate
404 1052 414 1106 3
446 1025 604 1091 videamus
633 1024 710 1110 quid
732 1025 771 1089 de
792 1026 886 1111 hujus
908 1025 1060 1114 discipulo
1085 1028 1216 1095 Platone

215 1170 352 1236 senserit.

260 1310 298 1375 In
333 1308 430 1391 libro,
462 1308 513 1376 oui
543 1308 656 1376 titulus
676 1316 723 1375 est
746 1312 873 1411 Muscas
901 1311 1071 1377 ἀνισονάαπ
1082 1360 1092 1392 ,
1116 1312 1214 1378 tacete

214 1451 311 1537 oarpit
329 1450 498 1537 prinoipem
520 1450 712 1533 Academiae,
734 1450 817 1536 quod
829 1450 863 1514 in
875 1449 1085 1517 Phaedonead
1096 1474 1215 1518 muscae

215 1592 461 1673 παλιγγενεσίαν
483 1590 585 1656 sinere
608 1590 746 1655 effectam
769 1611 831 1654 non
854 1590 1056 1655 attendisset:
1083 1590 1163 1678 (cap.
1183 1594 1214 1679 7)

216 1734 235 1797 ὅ
289 1731 324 1797 δὲ
374 1732 524 1815 μέγιστον
568 1736 602 1799 ἐν
645 1739 686 1815 τῇ
727 1717 817 1813 φύσει
858 1734 966 1798 αὐτῶν
1018 1731 1214 1819 (musosrum)

216 1874 348 1958 ὑπάρχει
359 1919 369 1951 ,
404 1878 497 1938 τοῦτο
531 1869 569 1954 δὴ
600 1869 754 1956 βούλομαι
783 1874 897 1937 εἰπεῖν.
930 1875 986 1937 καί
1015 1896 1069 1956 μοι
1092 1873 1214 1940 δοκεῖτί

217 2013 356 2079 Πλάτων
383 2018 482 2097 μόνον
515 2012 594 2077 αὐτὸ
629 2010 776 2094 παριδεῖν
812 2015 848 2077 ἐν
873 2017 919 2093 τῷ
942 2014 1013 2095 περί
1035 2021 1141 2099 ψυχῆς
1161 2019 1218 2079 καί

218 2160 401 2237 ἀθανασίας
432 2158 533 2241 αὐτῆς
557 2154 654 2241 λόγῳ.
676 2156 890 2222 ἀποθανοῦσα
913 2158 973 2239 γάρ
997 2163 1077 2238 μνία
1100 2156 1220 2240 τέφρας

219 2302 421 2388 ἐπιχυθείσης
448 2296 620 2365 ἀνίσταται
652 2296 707 2363 καί
729 2293 956 2375 παλιγγενεσία
982 2320 1030 2371 τις
1057 2295 1141 2380 αὐτῇ
1162 2298 1217 2361 καί

217 2442 287 2526 βίος
307 2436 404 2512 ἄλλος
426 2436 461 2514 ἐξ
485 2438 627 2521 ὑπαρχῆς
648 2433 795 2514 γίνεται,
817 2436 861 2507 ὥς
883 2432 1022 2517 ἀκριβῶς
1043 2440 1217 2499 πεπεῖσθαι

205 2588 355 2660 πάντας,
377 2580 427 2645 ὅτι
447 2577 604 2644 κάκείνων
623 2576 791 2651 ἀθάνατός
813 2578 899 2641 ἔστιν
921 2581 942 2659 ἦ
961 2580 1062 2660 ψυχή,
1086 2575 1215 2656 ε’ίγειιαί

217 2721 401 2790 ἀπελθοῦσα
434 2718 643 2803 ἐπανέρχεται
668 2716 767 2784 πάλιν
788 2718 842 2781 καί
862 2717 1007 2799 γνωρίζει
1024 2718 1078 2781 καλ
1101 2719 1217 2785 ε’πανί-

218 2886 305 2947 στησι
337 2864 373 2927 τὸ
405 2864 495 2943 σῶμα
518 2862 572 2926 καί
596 2858 750 2925 πέτεσθαι
772 2865 833 2942 τῆν
855 2864 954 2940 μυῖαν
977 2864 1065 2923 ποιεῖ
1080 2883 1111 2923 ιι.
1134 2882 1164 2923 τ.
1188 2856 1216 2922 λ.

217 2998 303 3064 Haeo
335 3007 438 3063 tamen
474 2999 567 3064 verba
598 2995 645 3061 ita
677 3002 751 3061 sunt
784 3000 978 3081 eomparata,
1006 3001 1044 3059 ut
1076 2994 1216 3080 quidde

216 3138 346 3202 Platone
366 3140 397 3199 et
419 3134 458 3200 do
481 3131 576 3200 animi
586 3131 817 3199 immortalitate
832 3133 960 3198 senserit
973 3132 1130 3199 Lucienus
1144 3132 1217 3199 inde

216 3278 332 3343 efficere
374 3297 437 3341 non
481 3272 670 3353 audeamus;
704 3268 765 3338 nisi
802 3271 901 3358 igitun
936 3271 1062 3337 aliunde
1099 3278 1220 3336 oonstet

214 3417 385 3486 Lucianum
411 3437 531 3481 omnem
557 3413 641 3479 vitae
667 3413 790 3479 futurae
824 3432 910 3497 spem
938 3409 1100 3497 abjecisse,
1135 3408 1219 3476 huno

216 3562 318 3627 locum
339 3582 450 3647 urgere
472 3558 627 3625 nolumus.

261 3704 346 3769 Haeo
372 3709 445 3769 sont
473 3723 551 3787 quae
577 3723 616 3767 ex
650 3698 773 3787 scriptis
796 3698 912 3786 primae
938 3696 1058 3785 periodi
1084 3696 1123 3763 ad
1146 3720 1215 3762 nos·

215 3852 294 3909 tram
309 3843 518 3929 quaestionem
533 3863 639 3908 eruere
653 3840 820 3928 potuimus.
844 3840 984 3906 Fortasse
999 3838 1112 3904 mirum
1123 3838 1217 3903 alicui
1245 3856 1249 3860 ·

218 3982 354 4064 aecidat,
378 3982 461 4069 quod
482 3984 516 4049 in
538 3985 596 4049 hae
613 3980 840 4068 disquisitionis
858 3988 945 4069 parte
959 3980 1083 4065 Μαίον’
1097 3977 1215 4043 nullam

217 4122 402 4191 mentionem
412 4125 472 4191 feei
476 4150 486 4206 3
498 4123 572 4193 huie
582 4124 749 4213 respondeo
759 4147 823 4192 non
834 4122 974 4190 assentiri
989 4144 1038 4189 me
1049 4117 1219 4185 Wetalaria
