3142 5209
813 510 859 573 84

379 739 462 807 Simo
478 738 637 827 parasitus,
650 742 813 825 postquam
826 739 922 799 artem
939 754 1002 798 esse
1016 729 1210 822 parasiticam
1223 733 1343 800 ratione

340 868 374 946 aa
399 879 449 945 via
472 874 700 955 demonstravit,
719 875 784 961 jam
807 873 906 959 magis
926 872 1084 957 magisque
1099 895 1132 938 se
1148 873 1235 938 effert
1251 879 1344 959 atque

341 1009 478 1083 omnium
502 1015 614 1081 artium
640 1012 788 1101 optimam
815 1034 882 1077 eam
905 1032 969 1076 esse
992 1011 1153 1096 gloriatur.
1167 1014 1190 1099 ¹)
1238 1012 1345 1077 Philo·

342 1159 449 1245 sophia
468 1163 499 1223 et
523 1156 692 1238 rhetorica,
718 1177 796 1239 quae
820 1155 957 1219 omnium
971 1155 1034 1219 iere
1049 1177 1197 1220 consensu
1212 1156 1345 1243 primum

343 1298 426 1362 inter
460 1302 540 1361 artes
573 1300 683 1359 tenent
708 1293 825 1374 locum,
855 1299 971 1377 quanto
1001 1292 1064 1357 sint
1089 1292 1250 1380 parasitica
1280 1298 1346 1357 arte

343 1437 511 1515 inferiores,
536 1434 582 1499 ita
609 1434 817 1498 demonstrare
843 1433 1042 1517 aggreditur,
1065 1439 1103 1499 ut
1125 1434 1196 1498 illas
1221 1455 1261 1497 ne
1281 1456 1344 1498 esse

342 1564 468 1671 quidem
491 1603 621 1664 usquam
640 1579 674 1643 in
697 1573 809 1644 natura
832 1584 864 1642 et
887 1576 1002 1643 mundo
1025 1583 1150 1643 statuat.
1175 1578 1258 1642 Nam
1285 1599 1342 1641 nee
1365 1670 1371 1678 1

342 1721 523 1785 rhetoricam
558 1742 615 1784 neo
654 1717 878 1807 philosophiam
915 1740 1013 1783 unum
1050 1716 1195 1800 idemque
1229 1716 1343 1781 hahent

342 1881 456 1925 omnes.
503 1857 708 1924 Arithmetioa
741 1858 859 1941 ubique
883 1859 1033 1922 terrarum
1060 1855 1166 1920 eadem
1189 1861 1250 1935 est3
1274 1856 1342 1943 phi·

341 1993 538 2080 losophorum
561 1992 681 2057 scholae
707 1993 825 2057 multae
848 1999 922 2058 sunt
940 2014 976 2057 ao
999 1992 1117 2072 variae,
1142 2014 1221 2077 quae
1244 2014 1345 2076 neque

341 2136 375 2200 in
409 2135 570 2223 principiis
597 2158 699 2221 neque
731 2134 909 2201 infinibus
938 2135 1146 2201 eonsentiunt.
1195 2137 1343 2201 Attamen

341 2273 421 2339 aliae
458 2280 539 2339 artes
564 2274 656 2340 venia
678 2275 806 2340 fortasse
833 2275 963 2360 dignae,
987 2275 1014 2339 si
1040 2273 1136 2339 iniis
1163 2274 1284 2359 aliquid
1303 2274 1344 2338 sit

342 2436 451 2501 parum
477 2414 699 2504 'consentiens
732 2415 923 2499 φιλοσοφίαν
957 2416 992 2481 δὲ
1021 2418 1071 2493 τίς
1098 2420 1142 2491 ὥς
1162 2414 1345 2496 α’ναμιιαίαν

342 2557 514 2642 ἀνάσχοιτο
549 2562 591 2641 μὴ
621 2559 700 2642 μίαν
733 2554 837 2639 εἶναι,
873 2561 926 2623 καὶ
948 2557 1028 2642 μηδὲ
1051 2565 1218 2643 σύμφωνον
1243 2560 1345 2639 αὐτὴν

342 2702 442 2782 ἑαυτῇ
462 2697 586 2781 μᾶλλον
603 2703 669 2766 τῶν
687 2699 847 2783 ὀργάνωνς
860 2701 919 2782 μία
933 2704 993 2783 μὲν
1011 2701 1068 2765 οὐκ
1080 2702 1147 2766 ἔστι
1161 2701 1343 2783 φιλοσοφία,

343 2831 451 2924 tutata
473 2843 535 2925 ὁρῶ
557 2844 611 2906 ιιαί
630 2845 764 2925 ἄπειρον
788 2837 909 2908 οὖσαν.
932 2840 1049 2907 πολλαί
1072 2841 1106 2908 δὲ
1129 2843 1166 2907 οὐ
1189 2842 1344 2910 διίνανται

329 2971 437 3059 'ainau
476 2978 643 3063 ἐπειδήπερ
679 2987 699 3063 η’
731 2979 902 3061 φιλοσοφία
931 2982 1001 3064 μία.
1047 2977 1241 3045 Contrarium
1263 2981 1345 3067 apud

340 3117 488 3203 parasitos
510 3118 652 3199 obtinet,
677 3118 731 3203 qui
755 3119 897 3183 omnihus
917 3119 950 3184 in
972 3119 1063 3184 rebus
1079 3120 1183 3185 eadem
1195 3121 1342 3187 sentiunt.

383 3262 491 3327 Totam
520 3263 599 3329 hano
631 3263 867 3347 argumentandi
898 3263 1049 3328 rationem
1076 3266 1239 3350 sophistam
1260 3268 1344 3332 olere

338 3421 401 3465 non
429 3404 475 3465 est
506 3398 590 3484 quod
614 3422 773 3482 moneam3
808 3400 891 3465 idem
922 3402 960 3465 de
991 3408 1056 3466 toto
1084 3402 1207 3488 dialogo
1227 3404 1345 3469 dictum

336 3540 418 3607 volo.
464 3539 536 3607 Nisi
567 3562 639 3626 ergo
666 3540 755 3609 nobis
788 3564 826 3605 ax
859 3541 1050 3606 Hermotimo
1074 3550 1243 3625 constaret,
1269 3545 1344 3628 quid

336 3678 374 3742 de
395 3678 587 3767 philosophia
609 3681 752 3745 statuerit
774 3680 948 3761 humanus,
984 3682 1063 3746 nihil
1099 3704 1137 3746 ex
1172 3682 1221 3747 his
1252 3682 1343 3747 dietis

336 3815 414 3880 effioi
448 3840 534 3902 posse
570 3824 783 3888 statueremus.
850 3821 945 3887 Nunc
979 3827 1083 3887 autem
1115 3823 1262 3890 ambobus
1295 3823 1343 3886 his

333 4026 393 4034 -ω
400 4026 511 4035 ’.ἢ-η
518 4029 533 4035 .,

371 4142 393 4206 I)
414 4142 451 4193 cl.
470 4144 562 4194 Parus.
582 4160 632 4209 cap.
653 4146 685 4195 26
705 4162 756 4210 sqq.
