3142 5209
816 518 856 581 28

327 728 452 815 examen
476 770 616 813 vocemus
638 731 762 810 neeesse
773 745 847 826 erit,
863 744 1056 831 Epicharmei
1067 744 1145 810 dieti
1159 767 1327 813 memores:

328 904 408 975 νᾶφε
434 894 487 956 καὶ
510 888 644 973 μέμνασ’
666 890 825 954 ἀπιστεῖν.

371 1026 581 1093 Hermotimus
609 1025 687 1089 hano
717 1022 844 1109 quidem
874 1024 940 1090 veri
974 1022 1154 1091 inveniendi
1176 1029 1327 1094 rationem

326 1168 434 1256 probat
445 1193 454 1249 3
487 1190 556 1234 mox
579 1171 682 1231 tamen
708 1171 806 1230 artem
831 1163 1001 1250 longiorem
1024 1187 1109 1249 esse,
1137 1164 1234 1231 vitam
1258 1167 1326 1232 bre-

326 1309 442 1375 viorem
472 1329 565 1394 quam
595 1311 632 1373 ut
655 1306 711 1371 hae
734 1304 784 1369 via
813 1327 918 1370 veram
946 1304 1086 1371 invenias
1107 1308 1328 1395 philosophiam

324 1449 471 1537 agnoseit.
516 1448 655 1513 Naturae
676 1446 754 1511 hano
787 1446 911 1535 eulpam
938 1469 1002 1512 esse
1033 1456 1138 1512 monet
1163 1449 1301 1516 Lueinus
1312 1477 1323 1530 5

324 1597 417 1677 negat
451 1587 684 1669 Hermotimus,
721 1586 776 1674 qui
813 1611 934 1654 omnem
963 1589 1028 1675 jam
1054 1590 1121 1655 veri
1146 1591 1325 1659 inveniendi

324 1731 469 1821 spemin
496 1729 613 1796 eineres
642 1728 796 1795 redactam
817 1730 926 1795 videns
952 1752 1063 1815 magna
1089 1755 1158 1796 oum
1181 1731 1326 1819 indigna-

325 1870 410 1935 tione
447 1870 617 1935 exolamat:
642 1876 718 1951 οὔκ,
739 1869 814 1935 ἀλλ’
843 1873 991 1955 spaerae
1021 1874 1071 1936 a'al
1104 1876 1158 1953 od,
1191 1878 1245 1938 καὶ
1267 1876 1324 1941 οὐκ

327 2007 387 2081 oid’
409 2015 479 2079 ὅτι
501 2012 621 2079 παθὼν
642 2018 742 2095 μισεῖς
766 2009 958 2094 φιλοσοφίαν
982 2016 1036 2078 καὶ
1058 2018 1088 2089 ἐς
1104 2017 1176 2090 τούς
1196 2016 1325 2098 φιλοσο-

326 2158 467 2231 φοῦντας
490 2146 738 2225 οὶποσκώπτεις.’
767 2146 972 2231 Arrogantiae
999 2146 1092 2211 etiam
1119 2156 1240 2214 accusat
1259 2151 1324 2217 Lu·

326 2284 451 2367 einum,
500 2282 554 2369 qui
603 2282 686 2348 solus
730 2306 763 2349 se
796 2306 905 2349 verum
941 2284 1129 2373 perspexisse
1167 2286 1324 2370 erederet,

324 2436 440 2491 ceteros
467 2428 619 2508 quotquot
655 2422 944 2512 philosopharentur
975 2424 1177 2491 delirantibus
1210 2427 1326 2494 similes

324 2566 459 2632 haberet.
510 2564 572 2629 Ille
603 2562 649 2629 ita
682 2586 715 2630 aa
745 2563 904 2647 defendit,
944 2573 981 2633 ut
1020 2590 1051 2633 se
1081 2591 1153 2634 eum
1186 2571 1326 2637 omnibus

323 2728 431 2772 verum
456 2704 574 2770 nescire
598 2710 703 2794 aperte
726 2706 869 2772 fat-eatur.

367 2845 438 2910 Jam
472 2844 563 2911 aliam
594 2844 831 2931 argumentandi
861 2844 944 2912 viam
981 2846 1156 2932 ingreditur
1186 2851 1306 2919 Stoicos
1312 2881 1322 2934 3

321 2985 460 3051 ooneedit
482 2985 516 3051 iu
538 3008 642 3050 omnes
663 2985 870 3073 philosophias
889 2969 1110 3072 inquirendum
1133 3004 1215 3076 esse,
1231 3002 1324 3080 negat

321 3128 454 3193 multum
476 3128 621 3215 temporis
644 3128 683 3193 ad
708 3130 771 3194 tale
798 3152 924 3196 examen
946 3132 1085 3217 requiri:
1121 3141 1158 3199 ut
1182 3137 1324 3202 enimes

321 3290 427 3354 ungue
447 3268 568 3332 leonem
587 3266 678 3331 finxit
705 3263 853 3348 Phidias,
884 3268 929 3332 ita
959 3290 998 3333 ex
1031 3272 1181 3357 cujusque
1204 3274 1324 3339 scholae

322 3407 474 3495 capitibus
511 3408 608 3495 ipsius
646 3413 787 3473 naturam
821 3413 853 3474 et
885 3406 1022 3474 indolem
1045 3406 1213 3496 dijudicare
1239 3411 1322 3480 lieet.

321 3548 477 3629 Lucinas,
514 3548 635 3635 rejectis
666 3548 813 3615 inanibus
847 3550 1144 3639 eomparationibus‚
1184 3553 1324 3622 coneedit

320 3689 439 3754 scholae
483 3689 633 3776 cujusque
674 3690 775 3779 capita
807 3690 890 3757 intra
925 3690 1140 3759 brevissimum
1177 3694 1323 3783 temporis

321 3828 452 3917 spatium
476 3828 569 3895 edisci
595 3852 681 3918 posse
693 3880 702 3911 ,
731 3831 866 3898 multum
892 3839 996 3898 autem
1022 3831 1168 3921 temporis
1191 3832 1321 3919 requiri,

321 3975 358 4035 ut
391 3993 540 4054 quaenam
564 3994 668 4039 earum
691 3996 763 4039 vera
790 3974 896 4041 doceat
914 3976 1009 4065 possit
1029 3975 1203 4063 dijudicari.
1224 3984 1228 3990 '
1249 3978 1323 4043 Non

321 4109 413 4174 aliam
439 4109 520 4177 enim
552 4112 591 4178 ob
622 4136 742 4179 cauam
775 4121 825 4181 tot
858 4115 953 4181 libros
979 4118 1190 4207 conseripsime
1220 4118 1322 4208 philo-
