3142 5209
689 518 731 581 19

201 785 219 825 p
231 748 406 813 Uolumnius
429 769 488 815 κοο
507 754 617 814 τακαττ
632 770 694 815 esse
705 749 893 829 medendam,
906 746 1112 816 delationibus
1123 752 1204 837 ejus·

201 889 309 969 nmodi
331 888 493 955 maximam
515 889 606 956 rebus
628 889 757 977 privatis
781 912 817 955 ac
827 888 960 977 publicis
970 889 1071 957 afferri
1085 897 1203 978 pestem

200 1030 333 1111 „docet
355 1036 520 1115 monetque
539 1029 689 1115 quomodo
711 1028 778 1095 illis
793 1030 1012 1099 occurrendum
1031 1031 1102 1099 sit0¹¹
1126 1034 1204 1099 Tota

199 1194 276 1237 vero
316 1172 390 1237 haec
434 1170 667 1235 narratiuncula
701 1169 846 1235 Planckii
879 1169 993 1237 nititur
1028 1172 1204 1258 conjectura

199 1311 347 1400 putantis,
370 1310 543 1377 Lucienum
561 1308 635 1375 locis
658 1308 748 1375 modo
770 1309 905 1377 laudatis
927 1333 959 1378 se
977 1309 1080 1399 ipsum
1105 1311 1202 1401 signi·

199 1450 317 1530 ficasse3
341 1450 397 1515 hos
417 1448 516 1535 igitur
539 1450 754 1539 expendamus.
782 1448 1028 1537 capracora
1047 1451 1203 1554 Lucienus

111 1578 116 1585 ¹
199 1594 303 1653 narrat
336 1588 520 1687 calumniam
542 1588 576 1655 in
609 1587 689 1653 aulis
720 1587 896 1675 principum
918 1588 1049 1655 maxime
1071 1590 1200 1678 vigere;

200 1749 247 1792 res
269 1726 343 1792 satis
365 1725 448 1792 i'nter
475 1750 579 1793 omnes
598 1733 670 1793 nota
682 1752 692 1807 3
725 1750 884 1813 nunquam
913 1734 1017 1797 tamen
1046 1731 1202 1799 Lucienus

199 1863 475 1963 eoram-'praefecto
489 1867 563 1945 ,tali
595 1866 770 1933 defensione
798 1890 873 1935 usus
898 1876 995 1952 esset,
1019 1893 1082 1957 qua
1103 1895 1201 1939 mores

134 1997 137 2007 ’
200 2031 304 2075 eorum
323 2008 426 2094 quiin
442 2007 523 2073 aulis
541 2006 660 2093 degunt
671 2008 872 2074 acerbissimis
882 2010 1022 2095 figuntur
1036 2014 1200 2082 conviciis:

200 2156 285 2221 ἔνθα
323 2156 342 2217 ό
379 2154 438 2235 μὲν
472 2154 600 2237 χρηστὸς
642 2152 783 2238 α’τεχοῶς
824 2153 921 2229 εὐθύς
957 2154 1200 2241 ἀνατέτραπται

200 2294 254 2356 καὶ
286 2242 520 2374 παρασέσυρται
548 2292 603 2355 καὶ
625 2292 661 2356 τὸ
693 2290 878 2359 τελευταῖον
900 2291 1019 2377 αἴτι’μας
1039 2296 1201 2379 ἐξέωσται,

200 2436 218 2497 o‘
240 2430 273 2497 δε
293 2428 595 2513 κολακευτικώτερος
617 2432 671 2494 καὶ
683 2431 760 2513 πρὸς
771 2435 828 2505 τὰς
843 2438 994 2507 τοιαύτας
1005 2438 1199 2519 κακοηθείας

201 2574 420 2659 πιθαςώτερος
451 2568 612 2653 εὐδοκιμεῖ
647 2571 702 2634 καὶ
732 2567 814 2645 ὅλως
844 2575 971 2652 φθάσας
997 2582 1110 2655 κρατεῖ
1132 2581 1200 2643 κτὲ.

202 2710 279 2795 (cap.
294 2708 362 2793 10.)
409 2705 482 2792 Gap.
510 2708 550 2770 14
579 2703 814 2771 calumniatores
833 2704 979 2774 adversus
997 2706 1044 2796 pii
1069 2710 1202 2777 hominis

200 2846 332 2913 amicum
353 2843 494 2911 atheismi
519 2850 550 2910 et
576 2843 745 2931 impietatis
771 2842 1002 2913 insimulatione
1031 2846 1080 2913 uti
1103 2849 1201 2916 solere

200 2986 286 3052 dicit.
332 2984 411 3051 Inde
433 3006 504 3050 vero
527 3006 587 3069 quo
607 2984 677 3070 jure
697 2982 812 3069 aliquis
838 2984 949 3051 efficiat
975 2985 1148 3055 Lucianum
1167 3013 1201 3057 se

200 3133 300 3217 ipsum
322 3126 495 3217 respexisse,
511 3149 575 3193 non
604 3125 706 3194 video.
753 3128 910 3193 Praefecto
939 3128 1034 3214 enim,
1059 3130 1200 3217 quisquis

200 3268 255 3333 ille
274 3266 344 3349 fuit,
373 3264 428 3351 qui
447 3264 476 3329 ei
496 3263 554 3327 hoc
575 3284 687 3329 munus
710 3262 835 3347 obtulit,
855 3286 912 3329 neo
932 3264 1045 3352 scripta
1064 3265 1131 3351 ejus
1145 3289 1203 3331 nec

200 3417 282 3478 areta
305 3432 375 3475 cum
396 3405 556 3493 Epicureis
578 3402 770 3471 necessitudo
797 3402 904 3489 ignota
933 3426 998 3469 esse
1019 3411 1198 3491 potuerunt·

202 3548 336 3633 Apparet
368 3544 467 3628 igitur
499 3549 596 3609 totam
632 3543 711 3607 hano
742 3540 1005 3607 narratiunculam
1024 3530 1117 3620 mera
1138 3544 1200 3609 niti

199 3684 341 3754 Planckii
364 3684 554 3770 conjectura,
578 3704 672 3767 quare
687 3682 839 3748 Meesium
849 3685 871 3768 ¹)
888 3684 991 3769 potius
1007 3706 1126 3769 sequor,
1143 3686 1198 3771 qui

200 3827 315 3893 librum
345 3824 437 3891 illum
457 3822 496 3888 ad
511 3821 664 3909 juvenilia
683 3820 815 3903 Luciani
834 3821 947 3908 scripta
968 3823 1077 3888 retulit
1081 3850 1091 3902 3
1116 3830 1198 3887 recte

213 4044 430 4057 -—-—··⁶—
