3142 5209
822 461 864 523 26

338 692 416 758 ferro
449 710 512 753 non
538 684 648 773 possit,
672 682 806 753 ducente
831 686 960 754 numine
981 686 1115 757 Stoicam
1143 714 1178 759 se
1203 693 1338 781 philoso-

337 830 443 918 phiam
467 825 641 911 amplexum
665 846 729 891 esse
751 825 923 912 profitetur.
969 827 1107 897 Lucinus
1126 854 1217 914 vero,
1242 856 1340 919 quum

338 971 372 1035 in
409 966 525 1033 talibus
549 964 738 1051 argumentis
761 964 954 1051 acquiescere
977 976 1129 1054 nequeat,
1153 970 1219 1059 ipse
1237 976 1339 1061 philo·

337 1109 473 1196 sophiam
496 1129 575 1193 quae
601 1105 710 1173 ceteris
743 1106 784 1171 sit
817 1106 1030 1195 anteponendo
1060 1132 1206 1195 quaerere
1228 1136 1338 1201 aggre-

337 1250 433 1316 ditur.

381 1390 539 1455 Virtutem
564 1390 719 1475 comparat
745 1408 815 1453 eum
830 1387 924 1470 urbo,
940 1388 1030 1477 eujus
1042 1388 1124 1456 eires
1134 1390 1339 1460 beatissimam

337 1529 457 1615 degunt
478 1528 575 1594 vitam
586 1553 596 1609 3
623 1527 706 1592 viam
725 1550 798 1593 vero
820 1551 883 1614 qua
904 1529 983 1595 hanc
1008 1530 1116 1597 urbem
1139 1530 1223 1598 adire
1246 1533 1340 1600 liceat

335 1669 493 1757 ignoranti
516 1668 610 1736 multi
636 1692 669 1736 se
692 1671 828 1736 offerunt
852 1669 966 1753 duces,
991 1694 1122 1756 quorum
1141 1673 1223 1740 alius
1246 1674 1340 1743 aliam

336 1810 418 1877 viam
452 1816 629 1910 monstror.-
657 1810 725 1876 Iam
759 1811 913 1896 quomodo
945 1811 1063 1879 bonum
1088 1813 1197 1881 ducem
1219 1815 1258 1881 ab
1281 1816 1340 1883 im·

335 1952 435 2039 perito
469 1951 646 2039 dignoscere
679 1949 749 2037 quis
774 1950 915 2039 poterit?
961 1952 1074 2037 Neque
1100 1951 1175 2019 sorti
1206 1954 1240 2019 id
1269 1978 1338 2041 per·

336 2092 459 2159 mittere
484 2092 577 2161 licet:
601 2098 733 2159 nonest
756 2092 839 2161 enim
861 2092 1023 2180 prudentis
1042 2100 1076 2159 et
1092 2092 1172 2180 justi
1190 2094 1337 2177 hominis,

334 2238 371 2299 ut
405 2256 503 2299 unum
536 2232 672 2319 aliquem
705 2256 722 2300 e
763 2234 873 2301 multis
910 2233 976 2300 sine
1010 2234 1130 2303 idoneis
1164 2238 1337 2306 rationibus

334 2374 443 2442 ceteris
477 2380 663 2462 anteponam
702 2397 804 2460 neque
838 2374 1068 2443 Hermotimum
1105 2378 1194 2464 sequi
1215 2380 1337 2467 placet,

336 2514 391 2601 qui
407 2536 501 2580 uuam
521 2521 645 2580 tantum
670 2513 754 2580 viam
777 2513 932 2599 cognitam
946 2515 1067 2583 habeat.
1091 2517 1198 2603 Neget
1217 2518 1339 2585 Stoicus

335 2676 367 2719 se
401 2659 515 2719 ceteras
537 2652 602 2719 ries
625 2651 762 2735 nescire,
788 2652 844 2738 qui
866 2676 885 2719 a
906 2653 1053 2740 magistro
1075 2678 1180 2723 omnes
1202 2653 1336 2745 philoso-

332 2797 463 2883 phorum
485 2794 638 2862 doctrinas
661 2801 739 2861 esset
761 2794 887 2861 edoctus
902 2797 938 2883 ¹).
988 2795 1072 2863 Leve
1094 2797 1152 2864 hoc
1173 2820 1336 2885 argumen-

239 2953 243 2958 ’
333 2938 402 2999 tum
438 2930 484 2998 ita
517 2932 632 2998 refutat
665 2930 825 3014 Lucinus,
860 2936 898 2999 ut
934 2932 1028 3002 simul
1062 2940 1186 3003 moneat
1217 2936 1337 3005 nullam

334 3072 469 3139 scholam
501 3072 601 3163 sequi
647 3076 719 3137 ante
753 3070 847 3139 licere
880 3094 973 3157 quam
1007 3070 1158 3158 quaenam
1190 3096 1263 3142 vera
1295 3074 1338 3143 sit

334 3212 394 3279 tibi
423 3218 542 3279 constet
553 3237 563 3293 3
601 3213 659 3277 hac
690 3217 795 3278 autem
826 3210 865 3278 de
895 3234 929 3277 re
950 3219 1071 3279 eertum
1093 3213 1170 3299 quid
1196 3215 1337 3284 affirmari

334 3376 396 3420 non
418 3374 504 3441 posse
525 3349 587 3418 nisi
610 3350 679 3438 quis
705 3350 739 3417 in
767 3374 872 3420 omnes
893 3351 1101 3438 inquisiverit,
1136 3354 1241 3441 Negat
1256 3356 1336 3425 Her-

333 3496 494 3575 motimus,
529 3495 576 3561 his
607 3517 680 3561 usus
712 3494 881 3582 exemplis:
913 3496 947 3563 Si
982 3495 1053 3581 quis
1085 3488 1168 3563 dicat
1200 3497 1248 3563 bis
1274 3496 1336 3563 duo

371 3892 396 3955 1)
423 3892 483 3958 Cap.
505 3892 555 3943 32:
591 3886 609 3947 ό
644 3885 703 3964 γὰρ
741 3876 931 3953 διδάσκαλος
962 3884 1097 3963 ιιᾴιιιῒιιι
1130 3874 1248 3959 μεταξύ
1280 3876 1336 3939 καὶ

335 3982 464 4058 διέξεισι
502 3984 580 4063 πρὸς
607 3988 688 4063 ἡμᾶς
716 3982 770 4044 καὶ
799 3978 973 4063 ἀνατρέπει
1008 4002 1044 4057 γε
1074 3976 1159 4042 αὐτὰ
1187 3975 1337 4058 προσθεὶς

337 4108 444 4158 aoros.
