3142 5209
837 480 877 539 14

352 708 390 773 ad
417 730 448 773 se
471 708 730 796 pertinere-ratus
742 755 751 786 ,
779 728 859 770 nova
886 705 1022 771 convicia
1048 706 1083 771 in
1106 707 1198 774 illum
1218 710 1352 776 confert:

351 854 398 918 Tu
421 873 492 916 vero
517 849 617 935 qualis
638 850 727 914 homo
752 872 794 930 es,
822 872 840 913 o
863 848 963 929 Bone,
986 850 1062 935 qni,
1076 873 1173 936 quum
1187 850 1355 918 eruditioni

301 976 306 984 ’
352 992 525 1059 innutritus
544 990 585 1055 sis
608 995 639 1055 et
654 988 864 1078 philosophiae
884 988 1078 1055 mediocriter
1093 1013 1216 1079 operam
1227 992 1355 1073 dederis,

352 1156 424 1223 prae
462 1132 605 1198 saltatore
636 1130 821 1217 optimarum
842 1130 958 1197 artium
978 1132 1081 1198 studia
1104 1139 1137 1199 et
1159 1135 1356 1220 antiquorum

353 1272 605 1341 consuetudinem
620 1271 712 1336 missa
731 1270 843 1352 facias3
864 1293 955 1357 aegre
973 1272 1054 1354 fero,
1074 1273 1157 1359 quod
1171 1275 1357 1363 optimorum

352 1415 467 1480 oblitus
488 1412 641 1492 virorum,
665 1410 823 1494 Platonis,
851 1410 1014 1499 Chrysippi
1037 1420 1069 1477 et
1099 1413 1285 1497 Aristotelis,
1298 1416 1356 1481 tali

352 1557 524 1647 spectaculo
546 1554 716 1621 delectaris.

397 1696 553 1763 Lucienus
575 1694 672 1781 igitur
691 1694 816 1780 juvenis
839 1692 1047 1781 philosophiae
1067 1694 1262 1763 mediocriter
1283 1720 1355 1784 ope·

353 1861 418 1903 ram
440 1836 539 1920 dedit,
563 1843 595 1902 at
625 1858 688 1900 non
714 1836 780 1917 ita,
815 1842 853 1902 ut
879 1860 976 1903 unam·
999 1838 1134 1903 scholam
1155 1860 1227 1926 prae
1249 1841 1358 1906 ceteris

353 1974 494 2064 probaret
509 1977 544 2061 ¹).
568 1976 636 2041 Nec
658 1974 850 2057 mirandum,
874 1977 901 2041 si
922 1978 1026 2042 rhetor
1048 1984 1081 2042 et
1103 1977 1246 2065 sophista,
1270 1985 1308 2045 ut
1318 1979 1357 2045 de

355 2136 477 2204 quaque
493 2136 526 2178 re
542 2113 698 2199 eleganter
709 2120 740 2179 et
756 2114 876 2201 copiose
890 2113 991 2180 dicere
1006 2122 1118 2201 posset,
1134 2116 1357 2203 philosophiam

355 2265 448 2330 etiam
481 2262 634 2348 attingere
664 2284 785 2327 necesse
818 2260 961 2327 hahuerit
972 2312 981 2343 ,
1021 2259 1124 2343 idem,
1152 2267 1189 2327 ut
1220 2284 1358 2328 sermone

355 2427 432 2492 puro
464 2410 496 2467 et
530 2402 636 2467 Attico
663 2409 820 2483 uteretur,
845 2402 1006 2488 scriptores
1028 2400 1165 2481 Atticos,
1190 2400 1224 2464 in
1247 2400 1359 2485 quibus

356 2548 446 2611 Plato
464 2544 554 2611 lacile
569 2544 681 2631 primas
696 2550 799 2626 tenet,
815 2566 904 2631 saepe
919 2543 1106 2609 lectitaverit
1118 2544 1155 2629 ²).
1180 2541 1359 2630 Principum

355 2687 454 2773 igitur
488 2686 737 2773 philosophorum
771 2684 884 2771 scripta
916 2685 997 2771 legit
1030 2684 1204 2768 Lucienus,
1241 2684 1360 2750 nullius

357 2834 459 2891 tamen
496 2831 595 2890 sectae
636 2822 807 2889 doctrinam
846 2846 919 2912 prae
955 2822 1064 2889 ceteris
1101 2822 1261 2910 amplexus
1295 2830 1359 2903 cst,

357 2964 449 3028 immo
486 2969 610 3050 propter
643 2962 854 3050 philosophiae
876 2963 1024 3051 pudorem
1046 2962 1184 3029 homines
1203 2962 1361 3029 interdum

358 3104 464 3188 ignota
502 3103 736 3191 reprehendere,
773 3127 840 3192 cap.
875 3107 916 3168 69
949 3110 1029 3170 tecte
1068 3104 1276 3191 philosophiae
1311 3103 1359 3170 in·

380 3370 596 3382 ..ι-η*-

397 3576 422 3637 1)
460 3570 516 3635 οὐκ
538 3569 679 3655 ᾐδέσθην
700 3575 800 3653 μόνον
824 3574 905 3655 ὑπὲρ
926 3577 992 3651 σοῦ,
1018 3570 1102 3637 ἀλλὰ
1126 3572 1180 3635 καὶ
1207 3575 1361 3654 ἠνιάθην,

363 3674 390 3734 εἰ
419 3668 592 3745 Πλάτωνος
624 3672 678 3734 καὶ
704 3672 900 3753 Χρυσίππου
921 3674 975 3735 καὶ
997 3668 1244 3754 Ἀριστοτέλους
1266 3669 1363 3735 ἐκλα-

362 3775 498 3853 θόμενος
511 3819 520 3849 ,
544 3776 684 3854 κάθησαι
706 3797 736 3835 κ.
759 3796 789 3835 τ.
816 3770 849 3836 λ.

398 3892 424 3955 2)
443 3892 511 3943 Piso.
535 3908 588 3958 cap.
614 3893 638 3943 6.
665 3894 714 3943 Bia
740 3896 801 3945 Aac.
826 3909 879 3959 cap.
911 3894 954 3944 34.
980 3892 1018 3943 Ol.
1048 3892 1076 3943 Ο.
1107 3894 1137 3943 G.
1163 3892 1257 3953 Cobet,
1274 3892 1363 3943 Variae

359 4000 493 4061 lectiones,
522 4000 564 4064 qui
599 4016 625 4067 p.
653 4001 704 4050 800
723 4016 775 4065 sqq.
794 4001 928 4051 aniauum
946 4015 1016 4065 saepe
1033 3999 1162 4063 antiquum
1179 3998 1274 4049 dicendi
1292 4014 1364 4048 usum

362 4120 410 4153 non
428 4104 486 4153 eatis
502 4108 639 4155 observasse
656 4105 742 4155 multis
760 4104 852 4156 docuit.
