3142 5209
708 491 812 572 11

219 741 311 807 hunc·
344 736 495 828 probum,
539 737 658 824 justum
701 743 754 820 et,
795 735 821 801 si
858 735 947 803 lubet
958 788 968 820 ,
1012 738 1226 827 philosophum

224 880 357 968 appella.

267 1019 308 1084 In
327 1018 366 1082 iis
386 1038 465 1101 quae
485 1014 628 1101 deinceps
647 1014 734 1079 addit
753 1036 825 1080 cum
843 1015 1014 1082 Stoicorum
1031 1016 1228 1102 aretalogiam

222 1165 260 1225 ut·
278 1159 425 1223 humanas
446 1154 527 1221 vires
551 1152 746 1219 excedentem
767 1154 978 1240 reprehendit,
1002 1162 1071 1222 tum
1094 1157 1229 1242 spinosas

223 1296 492 1381 quaestiunculas,
526 1316 599 1380 prae
634 1293 747 1378 quihus
784 1292 884 1358 virtus
929 1316 1009 1379 quae
1039 1295 1074 1359 in
1108 1296 1227 1380 agendo

223 1436 359 1500 cernitur
384 1450 473 1519 saepe
495 1432 686 1517 negligatur,
711 1431 819 1496 acerbe
844 1432 942 1519 carpit
945 1460 959 1526 ,-
979 1430 1118 1519 'denique
1148 1434 1227 1499 Her·

225 1576 350 1641 motimo
374 1580 479 1639 auctor
502 1578 567 1652 est,
590 1536 628 1637 ut
654 1573 687 1636 in
709 1578 866 1658 posterum
882 1574 1006 1659 vulgari
1028 1597 1111 1638 more
1133 1575 1229 1639 vitam

225 1722 311 1803 agat,
325 1715 371 1781 nil
383 1714 475 1779 nimia
487 1713 603 1779 elatum
618 1713 719 1778 animo
730 1714 932 1799 concupiscat.
956 1714 1165 1781 Hermotimus
1180 1716 1229 1781 his

224 1858 315 1923 dictis
349 1858 557 1945 obtemperat:
593 1855 731 1943 deposito
755 1855 874 1942 pallio,
898 1861 1015 1921 vestem
1044 1879 1229 1943 purpuream

224 2000 346 2082 induit,
381 2002 505 2067 barbam
542 2000 671 2081 tondet,
706 1999 740 2065 in
776 1999 972 2085 philosophos
1004 2000 1230 2066 acerbissimum

226 2141 331 2207 odium
356 2118 526 2226 profitetur.

273 2282 383 2347 Paullo
405 2280 531 2367 longius
553 2279 586 2345 in
610 2280 702 2366 hujus
725 2280 842 2365 dialogi
864 2288 1045 2367 argumento
1062 2250 1228 2347 enarrando

227 2420 336 2486 morati
375 2442 493 2500 sumus,
532 2418 678 2505 quoniam
714 2420 831 2485 nullibi
866 2420 943 2505 quid
973 2421 1012 2485 de
1036 2422 1229 2508 philosophia

228 2560 370 2627 statuerit
396 2566 460 2625 tam
494 2568 598 2646 aperte
625 2561 760 2626 ostendit
796 2561 953 2627 Lucienus
985 2584 1077 2646 quam
1107 2562 1142 2626 in
1171 2563 1229 2627 hoc

227 2700 316 2769 libro.
341 2703 364 2787 ¹)
410 2700 494 2765 Nam
519 2706 557 2766 ut
578 2700 711 2766 concedo
735 2700 828 2768 illum
851 2701 886 2767 in
906 2703 965 2767 hoo
982 2696 1114 2788 'dialogo
1139 2724 1226 2788 prae-

226 2934 432 2947 m...-

263 3094 289 3157 1)
309 3095 382 3145 Recte
399 3093 428 3143 11
445 3091 519 3157 hujus
536 3092 617 3159 pretio
632 3092 754 3157 judicavit
772 3094 928 3143 Hermannus
945 3094 963 3144 1.
982 3094 998 3143 1.
1016 3111 1041 3160 p.
1061 3095 1129 3149 2072

264 3200 337 3254 ‚Der
362 3198 495 3248 Abachnitt
521 3198 582 3248 fiber
609 3198 712 3249 Luciam
738 3200 893 3265 Philosophia
921 3202 955 3250 iat
984 3200 1026 3249 der
1042 3205 1162 3264 magareta
1179 3203 1229 3251 und

229 3304 447 3368 ,ungendgendsta
475 3304 510 3353 im
537 3320 629 3367 ganzen
654 3305 752 3365 Buehe,
772 3304 808 3369 (in
826 3304 912 3353 Jacobi
928 3305 1012 3356 libello
1029 3306 1227 3370 supralaudato)

228 3410 300 3467 „und
325 3408 468 3471 gleichwohl
485 3409 554 3459 hetta
572 3409 636 3458 11111
655 3409 748 3460 Schrift
766 3409 851 3473 gewiaa
868 3410 923 3458 aina
941 3410 1105 3459 auasfihrlicha
1122 3412 1228 3477 hnalyae

229 3518 276 3579 „in
292 3516 352 3565 eben
370 3532 396 3565 ro
412 3516 501 3566 hohem
519 3518 597 3567 Grada
615 3517 651 3566 111
667 3516 723 3580 jede
742 3517 830 3565 andere
848 3516 974 3577 verdient,
987 3517 1061 3567 dasie
1070 3518 1139 3567 nicht
1148 3518 1226 3579 blesa,

228 3629 296 3691 ,wie
323 3628 371 3677 Hr.
400 3625 474 3675 Jacob
504 3630 574 3689 aagt,
604 3628 645 3676 1111
671 3627 776 3676 Lucians
806 3626 910 3676 Anaicht
935 3642 984 3676 von
1016 3626 1226 3692 philosophisahen

230 3768 242 3797 „
252 3734 376 3794 Sehnleu,
403 3732 508 3783 sondern
526 3733 567 3781 1111
584 3732 648 3781 aeine
667 3732 834 3795 Betraohtung
850 3732 894 3780 der
911 3732 1068 3798 Philosophie
1085 3732 1160 3782 selbot
1177 3734 1226 3783 11111

229 3843 293 3905 „dea
309 3842 447 3893 abstraeten
463 3840 570 3891 Wisaens
587 3840 725 3905 fiberhaupt
742 3840 798 3889 sehr
815 3839 913 3903 wichtig
929 3841 980 3900 ist,
997 3840 1048 3889 und
1069 3840 1161 3889 aowohl
1173 3840 1227 3890 darn

226 3947 492 4011 „wiaaenschaftlichen
517 3948 606 3996 Ernsta
624 3947 667 3996 der
683 3946 857 4009 Behandelung
874 3946 910 3995 111
927 3947 981 3995 dem
998 3947 1142 4011 Zeitpunate
1160 3946 1226 3995 ihrer

227 4055 401 4119 „Entstahung
418 4054 479 4105 nach
496 4055 542 4105 deu
560 4055 724 4120 Mittelpunet
741 4055 820 4103 seines
837 4070 929 4117 genten
955 4053 1226 4105 Schriftatellerathums

230 4161 335 4223 „bildet
346 4166 358 4191 ¹¹
382 4178 406 4211 u.
428 4179 447 4211 s.
466 4178 497 4213 w,
