3142 5209
815 441 856 504 lo

326 678 425 761 μυρία
455 674 542 740 ἄλλα
554 723 564 754 ,
595 677 696 739 ταῦτα
721 675 781 756 μὲν
793 720 804 751 ,
828 670 931 755 ὥσπερ
954 673 1037 747 εἰκὸς
1060 666 1100 752 ἦν
1113 720 1123 751 ,
1149 670 1328 753 ἀπέφυγον,

326 816 378 879 ἐπὶ
415 812 450 879 δὲ
483 815 524 876 τὰ
558 813 619 889 σὰ,
656 802 681 875 ὦ
723 806 921 890 Φιλοσοφία,
949 807 1033 874 naid
1057 812 1192 891 ὁρμήσας
1218 809 1330 892 ἠξίουν

324 957 441 1020 ὁπόσον
481 952 530 1017 ἔτι
566 974 620 1031 μοι
653 947 766 1014 λοιπὸν
800 952 855 1012 τοῦ
892 948 966 1030 βίον
1000 952 1146 1029 καθάπερ
1178 952 1212 1014 ἐκ
1234 947 1330 1031 ζάλης

326 1093 381 1157 uod
412 1088 571 1165 κλύδωνος
600 1091 644 1164 εἷς
670 1087 776 1154 εὔδιὸν
799 1112 874 1153 τινα
899 1085 1014 1169 λιμένα
1037 1092 1174 1161 σπινοοις
1197 1089 1329 1152 dodoci

324 1234 513 1312 σκεπόμενος
551 1228 783 1310 καταβιῶναι.”
829 1219 878 1284 De
911 1220 969 1284 hoc
1007 1226 1111 1286 autem
1145 1220 1212 1286 loeo
1246 1227 1328 1287 recte

325 1366 461 1435 Moesius
494 1364 637 1443 monuit,
661 1362 712 1429 hic
738 1384 802 1426 non
825 1338 997 1446 juvenilem
1018 1362 1153 1446 aliquam
1176 1386 1193 1427 a
1216 1362 1329 1428 forensi

324 1508 363 1575 ad
400 1504 609 1572 scholasticam
644 1502 853 1587 eloquentiam
890 1502 1104 1568 transitionem
1141 1503 1328 1613 significari,

325 1650 467 1718 sedeam
494 1670 573 1731 qua,
601 1644 708 1711 relicta
734 1642 859 1708 omnino
881 1649 1033 1728 utroque,
1059 1644 1097 1708 od
1120 1644 1329 1732 philosophiae

324 1788 423 1855 otium
451 1793 619 1869 etnovum
645 1782 797 1848 scribendi
821 1804 919 1867 genus
941 1805 973 1847 se
997 1789 1196 1851 converteret.

370 1926 533 1993 Conversis
552 1923 666 1991 studiis
685 1945 827 2017 magnam
854 1922 937 1987 vitae
960 1929 1078 2008 partem
1101 1923 1232 1989 Athenis
1259 1945 1329 1991 eum

325 2070 444 2155 degisse
471 2062 542 2133 cum
566 2066 747 2152 exscriptis
777 2065 926 2145 satiricis,
963 2088 1094 2150 quorum
1121 2090 1240 2134 scenam
1265 2067 1330 2133 fere

325 2232 441 2297 semper
478 2208 586 2274 urbem
619 2207 755 2271 Athenas
790 2205 885 2286 feeit,
925 2205 1036 2291 conjici
1063 2168 1184 2293 potest,
1211 2214 1280 2274 tum
1311 2230 1329 2274 e

325 2351 515 2417 Demonactio
562 2370 627 2433 cop.
662 2348 700 2427 1,
739 2345 795 2411 ubi
834 2367 904 2411 cum
942 2347 999 2411 hoc
1036 2346 1233 2433 philosopho,
1274 2349 1329 2433 qui

325 2488 457 2556 Athenis
489 2486 585 2553 vitam
608 2486 756 2571 degebat,
781 2508 1004 2573 permagnum
1029 2488 1173 2573 temporis
1195 2478 1337 2576 spatium

325 2628 518 2696 familiariter
556 2651 588 2693 se
626 2626 739 2693 vixisse
762 2627 858 2710 dicit,
882 2650 936 2714 pro
959 2635 1042 2694 certo
1065 2630 1213 2696 affirmare
1236 2633 1328 2715 licet3

326 2775 455 2859 θατέρῳ
477 2775 512 2840 δὲ
528 2778 573 2857 τῷ
596 2777 790 2857 Δημώνακτι
802 2778 856 2839 καὶ
874 2776 926 2840 ἐπὶ
941 2780 1092 2857 μήκιστον
1104 2783 1327 2863 σονινενόμην.

371 2911 472 2975 Senex
513 2908 615 2975 denuo
653 2909 831 2996 sophisticas
864 2909 1060 2974 recitationes
1095 2913 1265 2999 composuit
1281 2915 1328 2999 ¹),

327 3054 466 3137 efflictis,
503 3059 541 3119 ut
578 3053 719 3135 videtur,
757 3055 890 3120 fortunis
929 3063 1064 3137 coactus3
1090 3065 1224 3125 extremo
1248 3047 1330 3126 ritae

325 3202 461 3280 tempore
483 3191 608 3282 publico
630 3215 756 3258 munere
775 3192 810 3258 in
836 3194 979 3283 Aegypto
1001 3184 1128 3263 functus
1154 3206 1201 3265 est
1230 3202 1328 3286 (Apol.

326 3335 382 3419 12)
397 3333 433 3420 ²).
480 3332 551 3416 Quo
578 3332 688 3399 aetatis
711 3357 792 3402 enno
808 3341 948 3401 mortuns
969 3342 1000 3401 et
1024 3336 1081 3402 ubi
1099 3338 1240 3424 sepultus
1267 3336 1329 3419 sit,

363 3632 388 3695 l)
408 3632 543 3693 Boeotos,
560 3632 702 3693 Hercules,
715 3646 764 3697 pro
781 3632 864 3696 lapsu.

363 3740 389 3804 2)
409 3737 511 3789 Lucioni
541 3738 714 3790 samosatensis
739 3755 813 3805 opere
830 3738 906 3789 edidit
924 3738 990 3790 Guil.
1008 3738 1121 3790 Dindorf.
1140 3737 1188 3790 vol.
1207 3739 1232 3790 1.
1250 3740 1329 3791 1858.

327 3860 383 3911 pag.
401 3843 484 3896 VIII:
505 3847 629 3911 „Apparet
646 3860 675 3895 ex
692 3844 731 3895 his
747 3845 847 3907 verbis,
864 3860 925 3909 quoe
942 3861 991 3895 non
1001 3844 1169 3911 explicuerunt
1177 3844 1331 3910 interpretes,

330 3950 488 4013 ‚Lucisnum
512 3951 820 4018 hypomnometogrnphum
838 3951 914 4003 fumeo
930 3951 1045 4018 proefooti
1065 3949 1242 4011 Alexandrino,
1258 3949 1330 4015 cnjus

332 4057 462 4113 emoreris
476 4059 566 4109 mentio
584 4058 613 4108 fit
630 4058 693 4123 opud
711 4058 854 4109 Strabonem
874 4058 917 4119 17,
933 4075 958 4124 p.
978 4058 1036 4120 797,
1055 4060 1080 4108 et
1088 4057 1116 4107 in
1124 4056 1212 4108 codicis
1220 4054 1329 4110 Thmoo·
