3142 5209
818 474 859 533 16

332 708 418 773 ἔστιν
461 704 566 788 ἀληθῆ
599 709 620 769 ἃ
648 708 717 788 περὶ
744 711 893 791 ψυχῆςό
929 704 1069 774 Πλάτων
1091 708 1194 788 λέγει,
1219 708 1332 793 quibus

231 926 238 933 q
330 846 402 911 satis
433 845 584 926 declarat,
617 867 649 909 se
677 845 764 910 illam
793 868 893 929 neque
924 850 1051 932 probare
1073 870 1174 932 neque
1197 851 1331 936 rejicere.

329 988 433 1053 Multo
453 986 554 1053 minus
578 1009 614 1051 ex
635 986 683 1067 iis,
709 1008 787 1070 quae
809 1000 880 1073 cap:
908 987 947 1053 70
964 987 1003 1052 de
1016 988 1181 1054 Aristotele
1196 992 1331 1077 pulchri·

329 1127 448 1193 tudinis
482 1125 639 1193 laudatore
672 1134 702 1191 et
736 1150 814 1211 quae
837 1127 875 1192 de
899 1128 1053 1194 saltatoris
1076 1130 1200 1195 silentio
1223 1132 1331 1215 habet,

333 1290 394 1353 quo
418 1228 658 1353 Pythagoricum
685 1266 795 1352 dogma
818 1268 984 1348 innuatur,
1009 1269 1124 1334 efficere
1146 1270 1234 1354 lieet,
1258 1273 1334 1357 quid

332 1408 441 1474 dehis
467 1407 655 1493 philosophis
679 1407 832 1474 statuerit.
878 1405 1002 1473 Ceteros
1025 1409 1123 1494 igitur
1137 1412 1332 1499 philosophos

332 1576 348 1615 a
383 1551 520 1617 Lucieno
559 1549 603 1614 ibi
627 1572 727 1633 neque
754 1548 895 1614 laudatos
919 1572 1019 1635 neque
1045 1552 1143 1616 laesos
1168 1574 1231 1619 esse
1261 1576 1331 1618 con-

331 1696 405 1771 stat3
444 1690 596 1761 Socratem
635 1687 817 1774 excepimus.
866 1687 1032 1754 Videamus
1058 1690 1172 1776 igitur,
1197 1692 1272 1777 quid
1299 1694 1333 1755 in

331 1834 401 1899 aliis
422 1834 543 1920 seriptis
565 1834 658 1919 hujus
679 1830 798 1918 periodi
821 1830 859 1895 de
885 1830 941 1897 illo
965 1831 1107 1897 statuerit
1129 1832 1293 1899 Lucianus.

376 1973 502 2039 Nullibi
528 1980 591 2037 tam
618 1978 720 2057 aperte
739 1993 904 2057 puerorum
915 1992 1045 2035 amorem
1060 1971 1256 2056 pudicissimo
1268 1971 1334 2036 viro

333 2115 440 2200 eulpae
474 2113 527 2178 dat
559 2135 650 2196 quam
673 2112 707 2177 in
729 2109 824 2191 libre,
849 2110 900 2175 cui
922 2110 1035 2175 titulus
1058 2119 1124 2177 est:
1149 2113 1186 2177 de
1227 2114 1330 2179 Deme.

332 2256 380 2320 De
417 2256 449 2319 vi
489 2255 588 2337 enim,
625 2277 716 2339 qnam
754 2254 891 2319 locorum
928 2254 1095 2319 amoenitas
1124 2255 1158 2319 in
1184 2261 1334 2321 oratorem

332 2398 434 2476 habet,
459 2396 607 2461 disserens
627 2394 671 2459 ita
691 2395 814 2481 pergit:
839 2399 945 2463 καίτοι
969 2405 1133 2481 Σωκράτει
1156 2403 1215 2480 μὲν
1251 2401 1334 2465 otni-

334 2564 424 2628 χρησε
458 2539 626 2605 πλατάνου
667 2540 781 2621 ripula
818 2539 873 2603 nai
909 2543 973 2602 πόα
1006 2537 1145 2620 εὐθαλὴς
1171 2544 1224 2604 καὶ
1247 2546 1332 2625 πηγὴ

334 2680 465 2761 διαυγὴς
486 2681 596 2763 μικρὸν
618 2678 681 2743 α’πὸ
697 2683 750 2743 τοῦ
763 2677 924 2758 attrecta,
940 2678 1110 2743 κάνταῦθα
1124 2681 1334 2776 καθεζόμενος

334 2818 479 2897 Φαίδρου
511 2841 544 2882 τε
577 2821 631 2881 τοῦ
664 2816 904 2899 Μυρρινουσίου
941 2824 1181 2899 κατειρωνεκίετο
1201 2821 1255 2882 καί
1276 2822 1333 2885 τὸν

335 2959 457 3025 Λυσίου
493 2962 547 3023 τοῦ
581 2956 731 3038 Κεφάλου
755 2955 851 3035 λόγου
875 2954 1019 3039 διήλεγχε
1045 2959 1099 3019 καί
1121 2959 1178 3032 τὰς
1199 2964 1333 3034 Medeae

335 3094 438 3161 ἐκάλει
478 3098 531 3159 καί
571 3094 732 3159 ἐπίστευεν
772 3094 858 3174 Ιἥξειν
895 3093 994 3166 αὐτὰς
1031 3094 1082 3156 ε’πί
1118 3098 1176 3174 τὴν
1200 3095 1331 3178 ἐρημίαν

334 3230 651 3316 συμπεριληψομίνας
696 3234 761 3296 τῶν
795 3231 864 3313 περὶ
898 3233 951 3293 τοῦ
985 3232 1099 3310 ἔρωτος
1132 3229 1244 3311 λόγων.
1279 3236 1331 3295 καί

336 3371 392 3434 οὐκ
432 3372 584 3454 ᾐσχύνετο
617 3366 717 3449 γέρων
738 3370 911 3447 ἄνθρωπος
933 3363 1130 3449 παρακαλῶν
1152 3367 1335 3449 παρθένους

335 3504 544 3586 συνεσομίνας
566 3508 605 3567 τά
634 3503 871 3584 παιδεραστικά.
917 3500 1055 3565 Multum
1079 3501 1162 3565 valet
1189 3501 1335 3566 hielocus

335 3639 374 3705 ad
407 3638 634 3724 infringendam
669 3638 845 3725 opinionem
882 3660 995 3718 eorum,
1014 3642 1036 3723 ¹)
1061 3639 1115 3722 qui
1141 3640 1334 3703 Socratcma

334 3777 471 3841 Lucieno
506 3779 714 3863 vituperatum
741 3800 804 3841 esse
831 3784 954 3862 negant.
1002 3778 1106 3859 Quum
1130 3776 1212 3841 enim
1233 3798 1334 3860 neque

333 3992 583 4003 ...-—-----.-

374 4128 397 4190 1)
420 4129 521 4189 Ranke,
539 4128 555 4178 l.
574 4128 591 4179 l.
609 4144 634 4193 p.
653 4130 695 4178 at.
