3142 5209
673 514 762 609 ¹sr

117 810 126 814 -
226 742 1225 831 camnt,801anus‚Wielandus,Jacobsius,Jacobus,Wetzlarius:

226 886 299 972 qui,
324 909 420 971 quum
445 884 480 949 in
511 907 547 951 eo
578 884 687 953 libello
718 884 827 951 iisdem
850 885 1007 952 interdum
1027 888 1129 953 verbis
1149 912 1228 974 quae

227 1026 261 1093 in
295 1025 364 1091 aliis
397 1024 519 1111 scriptis
554 1024 634 1091 dixit
661 1023 818 1093 Locianus
840 1026 938 1113 repeti
959 1026 1120 1111 viderent,
1142 1030 1225 1096 hunc

227 1164 385 1249 dialogum
418 1163 470 1228 illi
504 1162 732 1250 abjudicarunt.
777 1163 873 1229 Recte
901 1169 1006 1229 autem
1030 1163 1227 1233 Hermannus

228 1312 356 1395 monuit,
377 1310 525 1397 ejusmodi
546 1310 697 1377 dictorum
720 1309 935 1398 repetitionem
956 1310 996 1378 ad
1008 1310 1083 1376 libri
1096 1312 1228 1377 auctori·

227 1459 323 1519 tatem
344 1452 572 1537 infringendam
594 1451 721 1517 minime
744 1451 894 1534 sufficere,
913 1474 1079 1539 provocans
1098 1450 1137 1516 ad
1147 1450 1229 1517 illud

228 1593 372 1659 Isocratis
405 1592 524 1659 dictum
557 1591 657 1679 Epist.
682 1591 745 1673 VI,
768 1592 786 1677 p
813 1592 849 1659 7:
872 1596 927 1659 καὶ
956 1597 1017 1677 γὰρ
1045 1598 1088 1661 ἂν
1109 1598 1232 1670 ἄτοπος

132 1736 137 1745 ’
229 1738 309 1823 εἴην,
339 1742 369 1803 εἴ
401 1740 484 1822 ὁρῶν
506 1740 581 1813 τούς
599 1735 719 1812 ἄλλους
737 1742 805 1813 τοῖς
829 1740 914 1818 ἐμοῖς
935 1736 1112 1821 χρωμένους
1133 1738 1234 1812 αὐτὸς

228 1888 326 1967 μόνος
353 1844 530 1968 α’τττχοίμην
566 1882 632 1947 τῶν
664 1877 722 1948 ὑπ’
750 1882 824 1961 ἐμοῦ
863 1882 1015 1961 πρότερον
1046 1876 1228 1959 εἷρημέτων.

229 2020 357 2089 Accedit
388 2020 471 2105 quod
496 2018 652 2085 Lucienus
683 2014 857 2105 saepissime
884 2015 941 2079 hoc
963 2014 1034 2100 jure
1066 2036 1141 2078 usus
1164 2021 1233 2095 est5

229 2158 312 2244 qnod
346 2158 459 2242 cuique
495 2156 667 2244 apparebit,
704 2154 760 2241 qni
794 2154 1013 2242 comparaverit
1043 2155 1112 2225 Ver.
1145 2157 1232 2224 Hoc.

229 2298 285 2379 Π,
309 2301 339 2377 9,
363 2320 434 2374 cuna
456 2297 551 2363 Mart.
575 2296 662 2361 Diol.
689 2296 751 2372 12;
783 2294 851 2361 Ver.
874 2294 959 2360 Hiat.
983 2292 1037 2374 H,
1056 2296 1098 2357 19
1125 2296 1173 2380 (αἱ
1194 2296 1228 2363 δὲ

229 2436 380 2517 γυναῖκές
413 2439 470 2501 εἶσι
492 2444 570 2501 πᾶσι
594 2436 699 2507 κοιναὶ
722 2438 776 2499 καὶ
800 2433 904 2510 οὐδεὶς·
924 2444 1044 2516 φθονεῖ
1070 2443 1115 2519 τῷ
1146 2436 1229 2519 πλή-

229 2600 316 2658 otoo,
347 2574 421 2643 ἀλλ’
451 2577 508 2641 εἰσὶ
540 2577 612 2659 περὶ
645 2581 737 2641 τοῦτο
761 2574 900 2659 μάλιστα
922 2574 1230 2651 Πλατωνικώτατοι)

228 2738 298 2783 cnm
335 2717 396 2785 Via.
424 2719 513 2784 Aoct.
541 2738 606 2803 cap.
634 2716 675 2783 17
688 2743 699 2793 3
725 2718 847 2799 Nimia.
872 2738 938 2803 cap.
966 2718 1008 2781 30
1036 2739 1107 2781 cum
1133 2718 1232 2786 Mart.

227 2860 312 2925 Diod.
347 2860 383 2939 5,
415 2862 450 2938 6,
481 2858 515 2939 ⁷,
545 2860 582 2939 8,
613 2861 645 2925 9.
690 2857 791 2923 Nulla
824 2857 924 2941 igitur
954 2856 1035 2923 ratio
1067 2865 1140 2939 ast,
1175 2880 1230 2923 cnr

227 3020 288 3063 non
315 2996 505 3063 Lucianenm
534 2997 683 3063 habeatnr
712 2998 770 3063 hoo
796 3018 890 3083 opus,
919 2996 1008 3082 cujus
1030 3020 1146 3062 summa
1169 2998 1233 3064 hnc

227 3140 290 3205 iere
316 3138 407 3205 redit.

269 3275 452 3368 Menippus⁵
471 3272 628 3339 descendit
665 3273 700 3338 in
734 3273 864 3355 Orcum,
898 3278 936 3338 ut
967 3271 1114 3359 optimam
1146 3274 1233 3341 vitae

225 3418 362 3506 agendae
392 3416 543 3497 rationem
571 3415 687 3489 discat:
722 3415 837 3484 frustra
870 3413 953 3479 enim
988 3437 1006 3479 a
1035 3415 1152 3513 potitis,
1174 3417 1230 3502 qui

226 3559 264 3625 de
301 3558 371 3624 Diis
403 3555 630 3644 perversissima
666 3578 807 3641 quaeque
844 3554 1024 3639 narrabant,
1061 3558 1174 3622 frustra
1212 3580 1230 3623 a

224 3699 429 3789 philosophis,
470 3698 525 3785 qui
563 3699 759 3765 vehementer
796 3697 879 3766 inter
913 3720 945 3772 sc
983 3697 1230 3782 dissentiebant,

225 3842 301 3907 talia
326 3840 428 3906 doceri
464 3845 700 3927 exspectaverat.
747 3838 890 3925 Ingenua
924 3845 1029 3904 autem
1056 3826 1172 3905 fatetur
1199 3863 1231 3907 se

225 3981 299 4047 inde
321 3981 488 4048 maximnm
508 3979 623 4068 cepisse
645 3980 789 4053 solatium
796 4031 807 4063 ,
833 3980 916 4066 quod
942 4002 1004 4045 non
1027 3980 1110 4047 solus
1124 4003 1233 4058 rernm

225 4123 372 4205 nesciret,
409 4122 462 4188 sed
500 4146 570 4189 cum
604 4122 836 4210 sapientissimis
869 4122 1046 4189 hominibus
1067 4124 1233 4189 humanam
