3142 5209
321 1380 553 1449 LUOIANUM
587 1380 915 1448 PHILOSOPHIAM
949 1379 1193 1447 PRACTIOAM

445 1545 664 1627 LAUDASSE
703 1545 1061 1613 DEMONSTRATUR.

300 2238 375 2303 Non
396 2235 526 2318 desunt,
551 2236 606 2322 qni
636 2259 707 2302 oum
738 2236 910 2302 Lucienum
931 2236 1154 2324 philosophiam
1176 2260 1261 2305 nuno

252 2377 396 2445 laudibus
421 2377 455 2442 in
477 2368 596 2444 eoelum
617 2377 775 2458 extulisse,
800 2398 883 2442 nune
905 2375 1041 2442 ludibrio
1055 2375 1196 2443 habuisse
1220 2399 1258 2443 ex

253 2521 335 2585 Piae.
367 2540 432 2605 cap.
468 2520 509 2582 29
541 2522 573 2581 et
598 2538 616 2581 e
646 2516 775 2599 Niprtno
809 2514 954 2599 videant,
985 2514 1121 2599 varium,
1151 2513 1259 2582 ineun-

252 2662 384 2723 stantem
405 2662 436 2721 et
451 2657 551 2722 levem
561 2654 716 2722 hominem
732 2655 825 2721 illum
841 2655 1008 2742 appellent.
1035 2655 1141 2739 Quum
1155 2663 1259 2723 autem

251 2795 290 2860 ad
312 2794 443 2862 Luciani
469 2795 631 2883 ingenium
656 2796 859 2884 judicandum
890 2796 996 2881 magni
1022 2797 1064 2861 sit
1091 2798 1256 2881 momenti,

251 2934 327 3021 quid
353 2935 471 3001 hande
496 2958 529 3001 re
556 2936 754 3005 statuendum
778 2936 839 3017 sit,
864 2933 1037 3016 declarare,
1065 2934 1100 3000 in
1131 2935 1258 3003 illorum

251 3078 431 3157 argumenta
463 3095 546 3137 nnnc
579 3072 737 3157 inquirere
759 3072 858 3139 lubet.
905 3073 1044 3138 Primum
1071 3072 1105 3137 in
1134 3095 1259 3139 censum

248 3212 353 3301 veniat
375 3211 461 3277 locus
484 3234 522 3276 ex
548 3212 631 3279 Piso.
656 3235 721 3300 cap.
747 3216 801 3280 30.
848 3212 1060 3278 Parrhesiades
1083 3235 1101 3277 a
1122 3213 1257 3299 philoso-

248 3352 378 3439 phorum
404 3350 594 3438 principibus
616 3357 734 3439 ὕβρεως
762 3357 921 3417 aecusatus
943 3351 992 3417 his
1014 3352 1079 3416 fere
1100 3350 1203 3417 verbis
1225 3374 1258 3417 se

250 3515 350 3559 eoram
383 3492 580 3580 Philosophia
614 3491 772 3561 defendit:
800 3532 817 3572 ῃ
826 3492 973 3558 derelicta
995 3492 1159 3558 Rhetorica
1166 3542 1176 3575 ,
1200 3491 1258 3560 suh

249 3638 305 3698 tua
337 3633 437 3735 tutela
471 3632 554 3718 quod
587 3633 743 3718 reliquum
777 3632 855 3699 mihi
886 3639 951 3699 erat
979 3633 1062 3699 vitae
1088 3632 1259 3721 transigere

250 3771 284 3837 in
310 3771 411 3839 animo
433 3770 601 3853 habebam
631 3774 767 3857 κάπειδὴ
810 3778 909 3858 μόνον
945 3773 1120 3858 παρέκυψα
1151 3778 1184 3851 ἐς
1214 3777 1256 3841 τὰ

250 3915 397 4000 optumo,
419 3920 452 3982 σὲ
469 3920 542 3999 μὲν,
566 3916 667 3999 ὥσπερ
686 3918 865 3999 ἀναγκαῖον
886 3912 940 3999 ἦα,
960 3915 1132 3985 καὶτοοοδε
1146 3919 1258 3985 ἅπαν-

249 4080 307 4129 τας
330 4055 512 4138 tenahaleni
542 4057 673 4139 ἀρίστου
694 4056 768 4141 βίοο
789 4055 970 4138 νομοθέτας
994 4058 1092 4130 ὄντας
1113 4058 1257 4128 notente

251 4196 300 4259 ἐπ’
329 4195 428 4261 αὐτὸν
462 4193 676 4276 ἐπειγομένοις
705 4200 793 4279 χεῖρα
821 4191 993 4277 ὀρέγοντας
1004 4240 1016 4274 ‚
1037 4194 1079 4257 τὰ
1100 4188 1254 4256 κάλλιστοι
