3142 5209
732 488 749 545 9

239 717 415 802 dereliquit,
445 724 481 781 ut
504 740 573 782 oum
589 716 722 802 Dialogo
737 718 921 782 consortium
933 717 1057 784 iniret.‘¹
1087 721 1242 787 Lucienus

240 870 276 928 ut
304 860 442 926 concedit
469 858 663 925 Rhetoricam
693 881 764 923 vera
787 860 861 922 haec
888 858 1009 941 dixisse,
1037 861 1082 926 ita
1104 870 1196 948 negat
1211 888 1243 930 se

241 1026 303 1068 non
326 1003 450 1068 idoneas
470 1002 508 1066 ob
535 1024 638 1067 causas
661 1001 748 1065 illam
771 999 981 1085 dereliquisse,
1001 1005 1116 1093 quippe
1132 989 1244 1091 quaer

241 1148 369 1234 pristina
391 1146 474 1223 vitae
500 1144 697 1231 simplicitate
723 1145 866 1210 recedens
887 1148 951 1232 jam
974 1148 1145 1214 meretricio
1160 1174 1243 1216 more

239 1283 334 1348 vivat.
359 1286 489 1366 Καίτοι,
508 1282 564 1368 (ita
581 1281 694 1369 pergit)
714 1288 742 1349 εἷ
757 1288 810 1350 καί
827 1284 926 1369 μηδὲν
937 1288 1020 1372 αὐτῇ
1031 1296 1153 1355 τοιοῦτο
1165 1293 1242 1357 ἐπέ-

240 1454 381 1515 πρακτο,
414 1427 518 1503 καλῶς
547 1422 611 1511 εἶχέ
640 1451 693 1509 μοι
722 1424 814 1509 οένδρί
851 1426 910 1509 ἤδη
934 1435 1168 1512 τετταράκοντα
1185 1429 1241 1515 ἐτη

240 1569 350 1655 σχεδόν
391 1571 558 1647 γεγονότι,
597 1568 744 1650 θορύβων
783 1569 843 1648 μὲν
883 1568 1012 1634 ἐκείνων
1050 1573 1104 1631 καί
1144 1570 1241 1637 δικῶν

239 1702 472 1788 ἀπηλλάχθαι,
496 1706 549 1767 καί
581 1703 654 1776 rode
680 1700 804 1784 ἄνδρας
827 1704 899 1776 τούς
923 1701 1074 1778 δικαστὰς
1095 1705 1239 1789 οέτρεμεῖγ

241 1847 320 1920 ἐᾶν,
367 1845 532 1923 τυράννων
579 1836 769 1921 κατηγορίας
810 1838 864 1901 καί
901 1835 1053 1918 α’ριστέων
1091 1840 1242 1915 ἐπαίνους

241 1984 442 2065 ἐκφυγόντα,
475 1982 506 2054 ἐς
545 1976 580 2043 δέ
612 1981 670 2059 τὴν
706 1974 916 2057 Ἀκαδημίαν
942 1981 964 2058 ἤ
989 1978 1020 2048 ἐς
1045 1978 1081 2039 τό
1102 1983 1241 2042 Λυκιῖον

241 2120 381 2187 ἐλθόντα
415 2122 460 2201 τῷ
500 2114 653 2199 βελτίστῳ
688 2124 791 2196 τοιίτῳ
827 2110 977 2195 Διαλόγῳ
994 2122 1241 2198 συμπεριπατεῖν

239 2261 337 2344 ἠρέμα
373 2256 696 2337 συνδιαλεγομένους,
731 2256 797 2317 τῶν
824 2254 965 2318 ἐπαίνων
988 2256 1041 2317 καί
1063 2257 1182 2336 κρότων
1204 2255 1241 2319 οὐ

240 2397 416 2481 δεομένους.
441 2391 519 2456 Inde
544 2389 620 2454 effici
642 2394 752 2475 potest,
769 2388 1045 2472 quadragenarium
1059 2372 1241 2469 Lucienuin,

234 2532 338 2605 ¹missis
374 2533 532 2601 rhetoricis
567 2538 598 2596 et
628 2527 799 2617 sophisticis
819 2529 947 2610 studiis,
975 2528 1242 2595 comico-satiricos

240 2677 376 2763 dialogos
398 2675 527 2740 scribere
549 2673 720 2738 instituisse
744 2672 833 2758 (conf.
857 2694 921 2759 cap.
944 2673 1010 2755 34.)
1047 2672 1125 2737 Sunt
1140 2680 1242 2738 tamen

241 2820 295 2905 qui
332 2827 529 2905 provocantes
559 2813 597 2878 ad
628 2813 731 2878 locum
757 2814 924 2878 Piscatoria
946 2834 1011 2899 cap.
1039 2816 1080 2875 29
1109 2819 1241 2898 putant,

239 2958 411 3025 lucianum
426 2955 460 3021 in
476 2952 679 3020 adolescentia
693 2951 779 3038 prius
792 2950 959 3019 rhetoricae
974 2972 1094 3038 operam
1109 2951 1241 3035 dedisse,

241 3101 313 3166 inde
336 3100 459 3165 demum
480 3094 645 3182 sophistam
669 3117 732 3159 esse
748 3080 879 3172 hatum,
899 3115 995 3177 quum
1009 3100 1132 3178 propter
1146 3095 1242 3159 malas

217 3248 220 3253 ’
240 3246 394 3307 oratorum
416 3245 496 3302 artes
508 3236 624 3321 judicia
646 3235 822 3320 reliquisset
838 3236 874 3319 ¹).
921 3235 1024 3299 Verba
1047 3235 1123 3300 haec
1146 3243 1239 3301 sunt:

242 3384 303 3463 ἐγὼ
343 3386 402 3465 γὰρ
442 3380 548 3461 ἐπειδὴ
578 3386 711 3464 τάχιστα
740 3378 886 3444 συνεῖδον
911 3381 1012 3441 ὁπόσα
1045 3385 1110 3452 τοῖς
1147 3381 1239 3461 ῥητο-

240 3525 362 3604 ρειίουσι
397 3521 438 3582 τὰ
459 3515 589 3600 δυσχερῆ
616 3514 793 3590 ἀναγκαῖον
825 3517 1011 3592 προσεῖναι,
1037 3512 1164 3594 οίπόιτην
1187 3514 1241 3575 καί

239 3656 356 3743 ψεῦδος
391 3658 447 3719 καί
482 3659 666 3737 θρασιίτητα
695 3652 748 3715 καί
785 3654 864 3735 βοὴν
897 3652 951 3714 καί
985 3649 1145 3734 ὠθισμοιίς
1185 3653 1239 3716 καὶ

245 3859 470 3875 „au-.-

276 4031 300 4092 1)
327 4028 366 4080 Cf.
396 4028 425 4077 A.
453 4025 539 4084 Meos,
568 4021 714 4073 Dissertatio
742 4022 770 4070 de
788 4019 889 4070 Luciani
907 4019 994 4070 studiis
1012 4021 1037 4069 ct
1054 4018 1153 4084 scriptia
1169 4017 1239 4081 jura-

240 4134 339 4185 nilibus.
360 4133 437 4184 1841.
455 4147 510 4196 pag.
530 4131 571 4181 19.
