3142 5209
748 556 789 617 51

255 776 379 860 librum,
394 780 448 865 qui
465 777 685 847 inscribebatur
697 792 802 868 νιίριαι
818 783 919 864 δυξαι,
931 781 965 847 in
976 784 1040 849 foro
1051 782 1257 863 combussisse,

255 921 298 986 sie
320 923 446 1008 pergit:
471 923 545 988 οὐδὲ
581 924 671 999 εΐδὼς
696 928 715 989 o‘
735 931 934 1010 κατάρατος,
955 928 1038 993 ὅσων
1058 927 1194 1005 ἀγαθῶν
1221 930 1258 991 τὸ

254 1064 382 1149 βιβλίον
415 1069 517 1131 ἐκεῖνο
546 1073 611 1139 ταῖς
645 1071 893 1152 ἐντυγχάνουσιν
913 1066 1018 1134 α’ίτιον
1040 1068 1184 1149 γίγνεται
1204 1069 1260 1132 καί

254 1208 329 1289 ὅσην
368 1207 476 1281 αὐτοῖς
518 1210 643 1289 εἰρήνην
676 1208 730 1271 καὶ
765 1207 946 1290 ἀταραξίαν
987 1209 1041 1272 καί
1075 1206 1260 1290 ἐλευθερίαν

256 1346 473 1429 ἐνεργάζεται,
507 1345 662 1428 δειμάτων
692 1350 752 1427 μὲν
777 1350 830 1411 καί
856 1353 1028 1431 φασμάτων
1049 1350 1103 1412 καί
1122 1354 1260 1432 τεράτων

255 1487 461 1555 ἀπαλλάττον
485 1491 538 1552 καί
558 1488 697 1556 ἐλπίδων
718 1489 866 1570 ματαίων
891 1492 944 1553 καί
965 1491 1121 1572 περιττῶν
1143 1493 1261 1557 ἐπιθυ-

256 1634 351 1713 μιῶν,
387 1640 463 1700 νοῦν
493 1630 602 1697 δὲκαὶ
625 1631 781 1714 ἀληθειαν
806 1635 936 1699 ἐντιθὲν
959 1633 1012 1697 καί
1033 1640 1191 1715 καθαῖρον
1217 1636 1261 1707 ὥς

258 1771 386 1853 α’λήθως
408 1775 465 1847 τὰς
483 1775 611 1854 γνώμας
635 1772 692 1857 οὐχ
716 1774 778 1838 ὑπὸ
800 1772 874 1854 δᾳδὶ
898 1776 952 1837 καί
979 1771 1091 1857 σκιλλῇ
1114 1774 1167 1836 καὶ
1188 1780 1259 1847 ταῖς

258 1919 422 1987 τοιαυταῖς
440 1912 623 1994 φλυαρίαις,
646 1911 729 1977 ἀλλὰ
752 1911 836 1997 λόγῳ
857 1916 944 1996 ὀρθῷ
970 1915 1024 1977 καί
1046 1912 1184 1996 ἀληθείᾳ
1206 1913 1261 1976 καί

258 2050 429 2132 παρρησίᾳ.
446 2052 469 2121 ¹)
512 2046 552 2112 In
595 2046 707 2112 ultima
740 2048 834 2135 hujus
874 2047 947 2113 libri
975 2054 1061 2135 parte
1087 2048 1203 2113 fatetur
1229 2070 1260 2113 se

164 2221 166 2227 ·
259 2186 351 2275 hujus
393 2184 565 2273 impostoris
591 2186 687 2252 vitam
718 2185 910 2273 descripsisse
932 2188 1114 2274 Ἐπικούρῳ
1145 2216 1262 2273 τιμωρ-

260 2334 382 2409 υῦντα,
405 2330 497 2412 άνδρί
520 2334 564 2405 ὥς
582 2329 713 2415 άληθῶς
737 2332 807 2413 ἱερῷ
830 2332 884 2396 καί
907 2330 1066 2413 θεσπεσίῳ
1087 2335 1147 2412 τὴν
1167 2338 1261 2413 φείσιν

260 2473 313 2534 καί
346 2474 435 2554 μόνῳ
466 2469 533 2554 μετ’
556 2469 713 2555 ἀληθείας
735 2474 775 2533 τά
798 2466 882 2534 καλά
905 2472 1057 2549 ἐγνωκότι
1083 2472 1137 2533 καί
1157 2494 1264 2552 παρα-

259 2610 408 2675 δεδωκότι
431 2613 485 2674 ναί
508 2608 706 2696 ἐλευθερωτῇ
725 2613 790 2676 τῶν
814 2608 1032 2694 ὁμιλησάντων
1054 2610 1141 2692 αὐτῷ
1170 2635 1263 2689 γενα·

260 2749 347 2833 μένῳ
367 2776 397 2814 κ.
421 2774 450 2813 τ.
473 2750 502 2815 λ.
516 2748 541 2832 ²)
566 2845 568 2849 Ι
589 2747 690 2812 Aliter
712 2753 806 2833 atque
829 2746 1025 2813 Hermannus
1044 2748 1124 2812 hanc
1135 2746 1263 2833 Epicuri

260 2886 467 2952 laudationem
499 2887 718 2973 interpretatus
756 2893 802 2952 est
836 2887 971 2954 Ohlebus
987 2888 1034 2972 ⁸),
1076 2886 1130 2972 qui
1162 2894 1264 2953 eenset

260 3030 441 3113 Lueiauum,
454 3052 532 3115 quae
545 3028 578 3095 in
594 3052 778 3116 quemquam
789 3029 946 3096 hominum
958 3028 1064 3095 cadere
1076 3027 1264 3115 negavisset,

262 3169 396 3256 Epicuro
430 3169 626 3251 aoneessisse‚
659 3192 722 3235 non
746 3170 955 3257 quodreapse
978 3168 1022 3235 sie
1045 3169 1188 3249 sentiret,
1213 3169 1266 3234 sed

262 3315 386 3396 propter
419 3307 575 3393 singulare
598 3306 737 3373 studium
759 3314 792 3370 et
814 3328 966 3388 amorem,
991 3328 1052 3391 quo
1074 3305 1203 3388 Celsus,
1227 3305 1266 3369 ad

262 3470 355 3534 quem
387 3448 469 3512 hune
502 3446 617 3512 librum
639 3446 773 3533 scripsit,
798 3446 968 3535 Epicurum
991 3443 1148 3530 diligeret.
1196 3445 1264 3510 Nos

263 3609 364 3672 neque
393 3610 463 3653 cum
494 3587 671 3653 Hermanno
694 3586 891 3652 statuendum
912 3591 1070 3672 putamus,
1093 3584 1266 3651 Lucianum

266 3728 453 3816 Epicureum
476 3752 539 3795 esse
560 3729 683 3809 factum,
697 3751 798 3814 neque
809 3727 927 3793 Ohlebo
943 3726 1059 3806 damus,
1073 3726 1173 3806 illum,
1187 3748 1265 3810 quae

302 4026 327 4088 1)
348 4026 422 4077 Alex.
441 4042 493 4092 cap.
514 4027 556 4079 47.

302 4120 327 4181 θ)
348 4121 421 4170 Alea.
440 4136 492 4185 cap.
512 4120 554 4171 61.

303 4218 329 4279 3)
349 4217 366 4267 l.
385 4216 401 4267 1.
420 4233 444 4280 p.
465 4218 506 4267 51.
