3142 5209
823 526 866 587 12

342 760 472 819 tatorem
495 747 582 834 dicit)
607 746 778 829 λέγοντος,
801 750 844 825 ὥς
863 750 917 813 καὶ
944 749 1137 823 111εὸςού11
1161 752 1195 817 ἐν
1215 748 1344 835 οὐρανῷ

343 900 451 973 ἔστιν,
485 890 569 957 utta
603 890 657 956 διὰ
688 896 820 957 πάντων
842 890 1045 973 πεφοίτηκεν,
1068 886 1137 957 οἷον
1159 888 1264 966 ξύλων
1286 892 1342 956 καὶ

342 1035 445 1101 λίθων
482 1036 536 1099 καὶ
567 1032 656 1117 ζῴων
684 1036 759 1117 ἄχρι
791 1034 846 1096 καὶ
879 1033 945 1098 τῶν
967 1031 1177 1112 ἀτιμοτάτων.
1223 1027 1273 1092 Ex
1294 1025 1347 1091 his·

340 1173 416 1238 loeis
453 1194 511 1258 pre
542 1175 624 1235 certo
652 1169 768 1234 efficere
795 1166 889 1249 lieet,
916 1165 1089 1232 Lucienum
1112 1166 1146 1229 in
1165 1164 1345 1251 gravissima

340 1312 397 1378 hae
438 1309 615 1395 quaestione
656 1307 776 1372 nullius
821 1311 920 1371 sectae
964 1304 1150 1369 sententiam
1185 1304 1343 1390 probasse,

340 1453 395 1518 sed
439 1473 560 1517 omnem
605 1448 708 1535 potius
744 1446 811 1513 veri
849 1442 1030 1511 inveniendi
1067 1466 1153 1529 spem
1186 1442 1343 1529 abjecisse·

299 1617 302 1623 ’
340 1592 425 1657 Haeo
458 1590 497 1665 de
533 1589 600 1656 Deo
634 1586 743 1653 mundi
777 1585 884 1673 opifice
891 1611 901 1665 3
926 1606 1010 1649 nune
1030 1580 1107 1668 quid
1128 1581 1168 1647 de
1190 1581 1251 1647 Dei
1269 1604 1339 1668 pro-

340 1732 478 1799 videntia
512 1738 544 1797 et
582 1728 746 1796 existentia
781 1730 830 1813 (ut
862 1728 921 1793 hoo
954 1726 1048 1793 verbo
1080 1727 1163 1812 utar)
1200 1724 1344 1790 statuerit

340 1874 507 1941 videamus.

384 2016 423 2081 In
447 1997 589 2099 dialogo,
613 2012 664 2080 eui
686 2011 800 2079 titulus
823 2017 869 2077 est
894 2010 1016 2095 Jupiter
1040 2010 1228 2093 napaeas,
1249 2008 1345 2075 Pater

339 2155 465 2221 deorum
486 2154 706 2239 hominumque
727 2150 887 2218 inducitur
908 2150 1060 2215 sollicitus
1082 2148 1121 2214 de
1141 2154 1256 2214 eventu
1265 2148 1341 2232 litis,

341 2317 419 2379 quae
453 2294 567 2360 Damin
589 2292 776 2381 Epicureum
798 2291 881 2356 inter
903 2296 935 2356 et
956 2288 1123 2355 Timoclem
1145 2287 1282 2353 Stoicum
1303 2286 1343 2351 de

340 2433 527 2518 quaestione,
550 2440 657 2500 utrum
671 2432 716 2497 dii
726 2436 827 2511 essent
839 2436 871 2496 et
880 2428 1077 2517 providerent
1088 2412 1179 2494 relius
1188 2426 1341 2510 humanis,

338 2578 421 2636 mota
451 2579 525 2639 erat.
571 2570 695 2658 Jupiter
735 2570 807 2635 deos
840 2575 1007 2649 oonvooat,
1030 2575 1067 2634 ut
1090 2569 1244 2654 quodnam
1270 2567 1343 2633 huie

339 2710 420 2774 malo
442 2709 611 2775 remedium
633 2709 814 2775 adhibeatur
837 2707 1020 2773 deliberent.
1063 2707 1250 2789 Quaestione
1272 2727 1341 2791 pro·

339 2845 448 2932 posita,
472 2870 576 2913 omnes
597 2854 701 2913 tacent
723 2853 844 2934 praeter
863 2847 1015 2926 Momum,
1039 2845 1094 2931 qui
1117 2845 1189 2911 deos
1211 2845 1340 2911 acerbis-

339 2980 414 3046 sime
451 2982 666 3069 reprehendit,
705 2982 780 3049 talia
818 2984 980 3050 incusans:
1010 2983 1087 3048 Jnre
1118 2982 1156 3048 ab
1179 2981 1341 3069 Epicureis

340 3121 467 3188 deorum
490 3123 714 3210 prouidentiam
735 3116 828 3209 tolli,
851 3124 907 3209 qui
929 3123 1040 3211 probos
1053 3122 1192 3189 homines
1203 3121 1342 3187 maximis

340 3268 375 3332 in
408 3268 538 3334 miseriis
572 3269 704 3350 versari,
742 3270 838 3335 malos
878 3292 996 3335 summa
1032 3270 1182 3336 felicitate
1207 3268 1342 3355 gaudere

340 3430 429 3495 saepe
468 3409 618 3494 videant,
660 3411 783 3477 oracula
824 3408 903 3476 nihil
943 3408 1020 3475 certi
1052 3408 1200 3495 prodere,
1237 3412 1342 3493 poetas

341 3549 470 3634 pessima
511 3572 651 3637 quaeque
688 3551 727 3617 de
764 3551 825 3616 diis
847 3572 990 3633 narrare,
1013 3572 1062 3615 res
1084 3548 1237 3633 denique,
1263 3568 1341 3632 quae

341 3687 517 3756 hominibus
540 3691 709 3757 utilitatem
736 3691 874 3772 afferant,
898 3690 1042 3757 mortales
1065 3690 1178 3756 habere
1203 3693 1340 3754 auctores

341 3826 419 3893 bene
444 3828 550 3897 seiant.
597 3830 766 3917 Neptunus
796 3830 884 3896 fratri
913 3828 1021 3895 suadet
1032 3879 1041 3910 ,
1067 3834 1103 3893 ut
1113 3828 1189 3893 istos
1203 3826 1340 3893 homines

343 3969 554 4052 quoquomodo
589 3993 606 4035 e
647 3970 747 4035 medio
779 3971 891 4051 tollat3
919 3976 951 4035 at
974 3968 1118 4055 Jupiter,
1143 3990 1213 4034 oum
1239 3989 1340 4051 neque

340 4099 446 4172 eontra
478 4107 588 4175 Fatum
625 4110 779 4177 hominem
817 4110 987 4176 interficere
1022 4113 1135 4194 queat,
1160 4116 1193 4173 et
1218 4108 1284 4193 ipse
1306 4112 1340 4187 ἐξ
