3142 5209
821 516 863 577 44

333 764 425 826 quam
448 738 567 805 diversa
589 735 753 826 Euripides
777 736 929 803 derebus
951 735 1066 802 divinis
1077 736 1225 819 docuerit,
1238 761 1335 824 quum

331 884 418 948 nulla
434 883 513 969 legis
527 881 663 968 politicae
678 878 840 945 necessitas
851 885 984 963 urgeret,
1001 877 1169 945 clarissime
1182 878 1334 949 ostendat.

335 1024 504 1109 Desperata
542 1043 632 1086 causa
667 1019 706 1085 ad
744 1026 961 1105 argumentum
983 1042 1021 1084 ex
1042 1018 1173 1085 absurdo
1195 1020 1337 1106 confugit

332 1164 474 1231 Stoicus:
513 1164 628 1230 Omnes
661 1162 760 1249 igitur
795 1169 896 1227 errant
918 1162 1046 1250 populi,
1071 1161 1126 1247 qui
1149 1169 1182 1228 ct
1203 1163 1334 1229 creduut

331 1327 396 1371 esse
422 1304 494 1370 deos
517 1311 548 1370 et
571 1305 642 1371 illos
665 1305 796 1371 colunt?
820 1305 926 1371 Damio
948 1306 1128 1393 respondet,
1152 1310 1281 1396 populos
1304 1308 1332 1373 si

330 1446 398 1511 ulla
420 1444 482 1509 alia
499 1443 533 1508 in
555 1466 602 1525 re,
627 1442 660 1547 in
684 1443 775 1510 rebus
804 1443 917 1509 divinis
944 1452 1026 1511 certe
1052 1447 1165 1513 mirum
1180 1456 1331 1533 quantum

328 1589 410 1654 inter
444 1611 477 1655 se
508 1587 672 1656 dissentiri.
719 1588 815 1653 Porro
835 1610 873 1653 ex
895 1589 1028 1655 oraculis
1050 1588 1142 1655 efficit
1163 1590 1284 1657 Stoicus
1299 1598 1331 1657 et

329 1750 394 1794 esse
417 1726 489 1793 deos
512 1734 544 1793 et
557 1726 718 1814 providere
733 1727 914 1794 mortalibus
918 1753 928 1810 3
941 1727 1131 1794 adversarius
1142 1751 1215 1795 vero
1225 1729 1331 1816 paucis

328 1869 476 1956 exemplis
501 1892 576 1935 usus
604 1866 728 1934 fallacia
754 1873 786 1933 et
808 1867 934 1935 obscura
954 1892 1019 1934 esse
1041 1869 1165 1936 oracula
1183 1868 1329 1938 ostendit.

328 2012 415 2079 Coeli
439 2010 541 2096 sigua,
564 2010 698 2092 fulmen,
722 2009 851 2090 tonitru,
878 2015 979 2075 cetera
1001 2009 1069 2096 ejus
1092 2010 1214 2094 generis
1237 2017 1330 2077 testa·

327 2162 379 2221 tur
404 2153 553 2218 Timooles
563 2178 573 2233 3
593 2149 700 2217 Damio
720 2156 824 2216 antem
846 2148 925 2217 coeli
948 2150 1045 2235 signis
1065 2149 1192 2216 minima
1208 2151 1330 2237 probari

328 2292 439 2358 Jovem
468 2297 573 2356 tonare
601 2295 633 2356 et
655 2289 821 2356 fulminare
846 2294 968 2368 monet;
996 2287 1058 2354 alia
1078 2295 1160 2354 certe
1180 2290 1330 2356 affirmant

329 2430 489 2497 Cretenses
534 2431 588 2515 qui
620 2429 708 2495 Jovis
731 2430 907 2517 sepulcrum
928 2435 1106 2496 monstrant.
1152 2429 1222 2494 Iam
1243 2430 1330 2496 aliud

328 2576 542 2657 argumentum
565 2571 679 2656 profert
702 2569 833 2637 Stoicus.
857 2569 903 2634 Ut
925 2570 1029 2649 navis,
1042 2567 1103 2633 nisi
1116 2570 1329 2655 gubernatoris

327 2735 420 2779 uranu
455 2717 601 2797 regatur,
629 2734 692 2777 non
714 2676 833 2776 rectum
855 2716 941 2776 tenet
962 2732 1104 2792 cursum,
1127 2710 1173 2777 ita
1194 2712 1330 2779 mundus

325 2852 392 2917 sine
426 2848 638 2937 gubernatoris
676 2872 733 2936 ope
766 2850 840 2916 ferri
874 2872 935 2914 nou
971 2857 1082 2937 potest.
1122 2851 1229 2917 Darnis
1250 2853 1328 2918 hanc

326 2993 580 3080 comparationem
601 2993 798 3059 vehementer
821 2989 991 3062 claudicare
1013 2992 1193 3079 respondet:
1215 2995 1326 3079 guber·
1408 3032 1415 3047 ι

326 3138 414 3199 nator
445 3131 528 3198 enim
563 3155 642 3218 quae
675 3131 791 3219 optima
818 3138 891 3199 suut
912 3131 985 3197 navi
1006 3132 1141 3198 consulit
1163 3141 1196 3199 et
1217 3142 1304 3222 parat
1315 3161 1325 3216 ;

324 3275 405 3341 nihil
444 3275 479 3341 in
513 3297 549 3341 ea
583 3273 669 3339 adest
704 3274 788 3360 quod
824 3275 939 3342 inutile
961 3284 1017 3343 aut
1038 3277 1186 3345 absonum
1209 3278 1270 3360 sit,
1293 3288 1327 3346 at

324 3414 475 3481 contraria
508 3436 631 3501 prorsus
668 3413 703 3480 iu
737 3414 852 3479 mundo
886 3415 988 3481 locum
1028 3417 1140 3483 habere
1177 3397 1336 3487 videmus.¹

323 3553 479 3619 Postremo
509 3553 630 3619 Stoicus
655 3552 690 3619 in
713 3554 870 3639 angustias
891 3554 1034 3644 redactus
1055 3557 1093 3621 ad
1115 3558 1327 3644 syllogismum

323 3696 484 3782 confugit:
520 3704 548 3765 εἰ
579 3702 639 3784 γὰρ
671 3701 729 3765 εἶσὶ
764 3703 878 3785 βωμοί,
899 3703 957 3767 εἶσὶ
979 3703 1033 3766 καὶ
1055 3703 1135 3767 aaut·
1156 3701 1242 3769 ἀλλὰ
1260 3710 1323 3788 μὴν

324 3841 382 3903 εἶσὶ
404 3841 516 3922 βωμοὶ,
540 3843 618 3909 stota
628 3845 694 3927 ἄρα
706 3844 760 3907 acl
777 3842 849 3908 θεοί
862 3867 870 3907 ε
884 3863 945 3925 qno
956 3849 1137 3927 argumento
1149 3849 1323 3926 extenuato,
1355 3815 1357 3818 Ι

324 3974 426 4040 ridens
441 3975 571 4041 discedit
581 3978 704 4060 Damis,
718 4002 810 4067 quem
821 3979 970 4048 Timocles
982 3982 1128 4049 conviciis
1140 3983 1324 4069 insequitur.

367 4113 471 4201 Negat
493 4116 592 4201 igitur
619 4118 784 4205 Lucienus,
808 4120 864 4205 qui
889 4122 946 4190 sub
969 4122 1077 4190 Damis
1099 4124 1325 4211 personalatet‚
