3142 5209
445 1238 502 1311 DE
542 1237 733 1315 LUOIANI
767 1238 876 1313 VITA
908 1240 962 1313 ET
988 1237 1201 1314 SCRIPTIS.

364 1894 496 1962 Luciani
507 1896 589 1961 vitae
605 1896 771 1962 enarrabori
785 1898 896 1963 unicus
911 1899 979 1963 fons
991 1903 1064 1962 sunt
1078 1896 1175 1983 ipsius
1190 1896 1302 1984 scripta
1310 1925 1319 1977 3

321 2058 399 2121 quae
422 2036 505 2101 enim
527 2036 636 2101 Suidas
652 2038 674 2122 ¹)
704 2036 743 2102 de
769 2038 827 2103 illo
854 2038 947 2102 refert
969 2037 1015 2101 ita
1037 2044 1109 2103 sunt
1132 2046 1322 2123 comparata,

320 2182 357 2241 ut
379 2174 439 2240 nisi
463 2198 555 2260 quam
576 2176 670 2241 fuerit
693 2176 765 2242 huic
792 2176 984 2262 oompilatori
1007 2176 1132 2262 ignotus
1158 2184 1190 2242 et
1204 2176 1323 2242 invisus

321 2316 436 2383 discere
459 2315 531 2382 inde
553 2316 634 2383 nihil
658 2317 760 2385 liceat.
785 2319 979 2403 Quamquam
1002 2324 1105 2384 autem
1131 2341 1244 2401 omnes,
1269 2320 1323 2403 qui

321 2458 387 2543 ejus
413 2456 509 2522 vitam
536 2458 724 2544 attigerunt,
755 2458 795 2523 de
820 2459 906 2524 fonte
933 2459 1015 2524 unde
1042 2460 1154 2525 notitia
1181 2460 1247 2546 ejus
1270 2482 1322 2546 pe·

334 2767 383 2828 .1)
419 2758 604 2829 Λουκιανός
637 2760 844 2838 Σαμοσατεός
873 2762 891 2822 ό
922 2756 1107 2839 ἐπικληθεὶς
1139 2754 1323 2840 βλασφημός

321 2861 342 2939 ἤ
371 2854 526 2936 διίςφημος
556 2849 588 2937 [ἤ
618 2858 718 2930 ἄθεος
740 2859 840 2923 εἰπεῖν
861 2854 1010 2939 μᾶλλον],
1036 2858 1086 2921 ότι
1108 2860 1143 2921 ἐν
1163 2863 1229 2930 τοῖς
1251 2856 1325 2921 όια-

322 2955 427 3036 λόγοις
456 2956 553 3020 αὐτοῦ
583 2954 693 3034 γελοῖα
722 2957 775 3019 ιιαί
812 2959 853 3020 τό
879 2959 950 3040 περὶ
970 2960 1035 3022 τῶν
1055 2957 1155 3023 θείων
1176 2956 1324 3041 εἰρημένα

322 3056 548 3139 παρατίθεται.
590 3054 702 3133 γέγονε
732 3053 767 3120 δέ
800 3057 852 3118 ἐπὶ
886 3061 941 3120 τοῦ
976 3056 1138 3135 Καίσαρος
1165 3062 1326 3137 Τραϊανοῦ

323 3157 378 3219 ιιαὶ
423 3153 582 3219 ἐπέκεινα.
623 3148 663 3234 ἦν
706 3151 741 3218 δὲ
781 3139 873 3228 οὗτος
915 3157 951 3218 τό
984 3156 1060 3235 πρίν
1093 3154 1256 3239 δικηγόρος
1289 3161 1324 3223 ἐν

321 3253 514 3337 Ἀντιοχείᾳ
551 3259 607 3334 τῆς
644 3253 777 3335 Συρίας
821 3253 1043 3336 όοςπραγήσας
1085 3252 1119 3319 δι’
1159 3259 1194 3321 ἐν
1223 3263 1325 3340 τοείτιρ

323 3356 376 3419 ἐπὶ
419 3356 455 3418 τό
500 3350 710 3435 λογογραφεῖν
756 3356 893 3436 ἐτράπη,
928 3355 982 3417 ιιαί
1021 3352 1199 3437 γέγραπται
1215 3402 1218 3408 .
1237 3356 1325 3439 αὐτῷ

321 3457 447 3537 ἄπειρα.
479 3450 662 3534 τελευτῆσαι
696 3451 730 3517 δὲ
764 3454 862 3521 αὐτόν
892 3451 985 3533 λόγος
1016 3457 1079 3519 ὑπὸ
1113 3458 1233 3535 ιιονῶν,
1257 3459 1326 3521 ἐπεί

322 3554 406 3617 κατὰ
434 3559 490 3634 τῆς
513 3550 668 3634 ἀληθείας
696 3550 874 3635 ἐλείττηοιν.
898 3557 941 3629 εἷς
961 3557 1027 3637 γὰρ.
1043 3558 1100 3621 τόν
1130 3556 1326 3637 Περεγρίνου
1376 3596 1380 3604 ·

324 3653 397 3737 βίον
428 3658 630 3717 καθάπτεται
650 3655 705 3716 τοῦ
729 3658 1005 3736 Χριστιανισμοό,
1027 3657 1082 3719 ιιαί
1103 3655 1203 3720 αὐτόν
1224 3653 1324 3737 βλασ-

323 3757 421 3835 φημεῖ
456 3754 511 3819 τόν
545 3752 688 3833 Χριστόν
708 3752 727 3815 0‘
747 3752 940 3835 παμμίαρος.
986 3752 1035 3819 διὸ
1058 3755 1111 3817 ιιαί
1135 3759 1191 3835 τῆς
1212 3751 1325 3836 λείττης

323 3852 438 3925 ποινάς
468 3852 622 3932 α’ριιοιίοας
657 3854 692 3916 ἐν
722 3855 767 3934 τῷ
799 3856 934 3935 παρόντι
969 3850 1115 3919 δέδωκεν
1152 3855 1187 3918 ἐν
1214 3851 1249 3917 δέ
1280 3860 1324 3932 τῷ

320 3949 471 4033 μέλλοντι
502 3950 692 4035 κληρονόμος
718 3956 772 4016 τοῦ
793 3951 926 4019 αἰωνίου
953 3954 1050 4035 πυρός
1070 3956 1151 4035 μετὰ
1174 3956 1229 4018 τοῦ
1251 3958 1327 4016 Σα.

322 4057 407 4117 τανόι
430 4056 607 4132 γενήσεται.
642 4060 726 4111 suidas
757 4061 794 4112 ed.
826 4061 955 4123 ῦιίιιοεᾱ,
977 4063 1044 4114 Tem.
1069 4063 1106 4115 11.
1134 4081 1159 4130 p.
1184 4063 1261 4113 2384.
1288 4062 1326 4112 ed.

322 4159 412 4212 Bornh.
430 4159 484 4211 τοι.
503 4160 548 4221 11,
566 4177 591 4225 p.
610 4160 670 4211 ιοι.
