3142 5209
725 510 765 575 5⁷

240 739 400 805 verborum
423 746 533 807 ornatu
556 744 768 805 commemorat
791 738 965 820 Luciauus,
993 741 1124 806 utomni
1139 742 1239 806 rheto·

240 878 321 945 rioae
343 879 418 943 artis
440 878 631 943 affectatione
651 884 740 943 vaaet
761 878 903 945 narratio.
927 878 1055 945 Aooedit
1069 877 1151 963 quod
1164 900 1243 963 quae

242 1024 278 1089 in
316 1025 408 1110 hujus
431 1022 492 1088 viri
516 1022 639 1088 laudem
662 1023 776 1109 profert
802 1020 910 1087 multis
935 1020 1110 1087 auditorum
1143 1020 1243 1086 invisa

241 1187 305 1231 ease
340 1163 502 1230 debebant.
518 1165 540 1249 ¹)

288 1304 336 1369 Ex
362 1303 451 1369 nullo
474 1307 577 1369 antem
605 1301 727 1388 dialogo
749 1308 813 1367 tam
835 1302 1010 1367 luculenter
1032 1308 1157 1388 apparet
1178 1302 1242 1369 Lu·

242 1446 365 1512 sianum
386 1468 405 1509 a
426 1444 641 1531 metaphysicis
664 1443 897 1529 quaestionibus
919 1443 1117 1526 abhorruisse,
1137 1451 1243 1511 eontra

242 1585 406 1673 practicam
447 1584 679 1671 philosophiam
722 1583 848 1649 summis
896 1584 1041 1651 laudibus
1078 1584 1241 1665 extulisse,

242 1750 334 1815 quam
358 1750 395 1793 ex
418 1728 556 1795 Hermai.
581 1752 645 1816 oap.
674 1729 725 1809 ⁷9,
751 1728 806 1795 ubi
830 1727 967 1795 Stoicum
990 1728 1035 1793 ita
1052 1728 1242 1813 alloquitur:

243 1870 327 1939 οἰλλὰ
356 1877 419 1956 μὴν
446 1873 519 1939 οὐδὲ
550 1876 650 1938 ἐκεῖνό
673 1898 723 1937 πω
745 1875 1008 1955 κατανενόηκας,
1033 1864 1119 1951 οἶμαι
1130 1919 1140 1950 ,
1159 1872 1244 1949 niori

244 2014 302 2093 μὲν
336 2012 431 2093 οἷρετὴ
466 2014 500 2077 ἐν
534 2014 636 2094 ἔργοις
668 2010 771 2091 δήπου
794 2010 892 2087 ἐστίν,
918 2007 986 2074 οἷον
1009 2011 1044 2074 ἐν
1066 2014 1111 2092 τῷ
1134 2005 1244 2070 δίκαια

245 2154 395 2227 πράττειν
428 2150 482 2211 καὶ
516 2150 598 2229 σοφοὶ
631 2147 685 2210 καὶ
714 2145 869 2228 ἀνδρεῖα,
903 2146 990 2226 ὑμεῖς
1022 2142 1057 2207 δὲ
1081 2176 1122 2187 -
1147 2145 1183 2206 τὸ
1209 2140 1243 2205 δὲ

244 2291 332 2370 ὑμεῖς
372 2289 451 2353 ὅταν
488 2288 566 2351 εἴπω
578 2336 588 2367 ,
623 2288 695 2361 τούς
738 2289 855 2367 ἄκρους
883 2287 949 2350 τῶν
988 2280 1244 2363 φιλοσοφούντων

244 2426 323 2509 φημί
359 2457 398 2467 -
419 2426 553 2507 οἷφὲντες
587 2430 689 2489 ταῦτα
725 2426 830 2507 ζητεῖν
862 2424 916 2487 καλ
948 2428 1075 2501 ποιεῖν,
1108 2424 1244 2502 ῥημάτια

246 2565 385 2649 δύστηνα
417 2564 566 2647 μελετᾶτε
598 2569 651 2630 καὶ
682 2564 907 2648 συλλογισμούς
944 2562 997 2627 καὶ
1026 2562 1162 2644 α’πορίας
1189 2561 1244 2622 καλ

243 2710 279 2771 τὸ
301 2706 448 2774 πλεῖστον
470 2712 525 2773 τοῦ
548 2709 621 2791 βίον
643 2709 695 2772 ἐπὶ
717 2714 841 2780 τούτοις
858 2705 1056 2788 διατρίβετε,
1073 2702 1127 2766 καλ
1148 2704 1182 2778 ὃς
1199 2705 1242 2766 ἂν

244 2856 344 2931 κρατῇ
364 2850 398 2915 ἐν
421 2848 553 2928 αὐτοῖς,
577 2846 762 2923 καλλίνικος
784 2851 859 2930 ὑμῖν
881 2846 978 2912 δοκεῖ.

288 2982 365 3047 Prae
398 2982 506 3049 ceteris
540 2988 643 3048 autem
673 2982 843 3049 virtutibus
864 2982 1005 3047 omnibus
1026 2980 1165 3046 laudavit
1186 2990 1245 3067 τὴν

243 3128 444 3210 αὐτάρκειαν.
468 3124 581 3209 Neque
602 3124 735 3190 mirum:
760 3146 830 3189 eum
853 3123 935 3187 enim
956 3145 1028 3187 casu
1050 3122 1151 3187 omnia
1161 3122 1242 3207 regi,

244 3268 341 3327 morte
375 3262 475 3327 omnia
508 3262 591 3327 finiri
613 3268 761 3328 statueret
771 3313 782 3347 ,
805 3284 868 3326 non
888 3260 991 3347 potnit
1013 3282 1076 3324 non
1097 3258 1245 3325 virtutem

243 3398 330 3464 illam
341 3450 350 3482 ‚
403 3420 481 3483 quae
525 3398 641 3465 efficere
686 3406 787 3486 posset
819 3405 857 3465 ut
891 3420 946 3463 erra
976 3397 1108 3483 quisque
1140 3402 1220 3461 sorte
1232 3445 1242 3476 ,

245 3560 337 3622 quam
363 3538 486 3603 fortuna
509 3536 651 3618 dedisset,
675 3543 839 3603 contentus
860 3536 988 3618 viveret,
1011 3535 1081 3600 aliis
1102 3535 1244 3601 omnibus

243 3686 434 3768 anteponere.
481 3681 592 3747 Tribus
624 3680 773 3769 imprimis
806 3680 840 3744 in
870 3676 1017 3764 dialogis,
1052 3676 1086 3741 in
1113 3677 1241 3763 θηιιὶοο,

279 4062 303 4125 1)
323 4061 495 4111 Damonaatsm
512 4059 653 4125 religionem
671 4060 814 4125 popularem
834 4062 860 4109 st
870 4058 1048 4125 metaphysioss
1059 4054 1241 4121 disquisitiones

243 4169 326 4219 inanes
344 4168 439 4218 duxisse
456 4184 510 4232 cap.
528 4168 580 4230 11,
599 4168 631 4217 32
650 4172 675 4217 at
693 4168 726 4217 43
746 4171 838 4218 narrat.
