3142 5209
723 512 766 574 33

206 736 407 801 sententiam
440 735 500 801 ibit
523 736 578 821 qui
602 736 641 801 sd
663 758 716 820 ea,
742 760 821 823 quse
847 759 912 827 cap.
940 740 981 807 70
1004 762 1071 827 sqq.
1092 740 1128 809 in
1155 741 1224 830 phi·

209 876 417 964 losophorum
439 857 671 943 demonstrandi
691 877 862 945 rationibus
884 880 1098 968 reprehendit,
1126 888 1159 947 et
1187 880 1226 946 sd

211 1034 267 1095 ea,
294 1014 412 1099 quibus
435 1014 663 1083 Hermotimum
684 994 836 1082 consolari
859 1024 997 1101 conatur,
1013 1019 1190 1089 attenderit.
1199 1020 1225 1105 1)

212 1150 354 1217 Maximi
376 1159 533 1241 praeterea
555 1152 702 1219 momenti
728 1152 768 1219 od
790 1159 925 1221 nostram
948 1155 1131 1223 sententiam
1161 1177 1226 1221 cora

214 1291 422 1359 roborandam
455 1300 529 1359 sunt
562 1316 641 1378 quas
663 1292 746 1359 idem
771 1294 806 1359 in
830 1293 998 1379 geometria
1012 1297 1038 1381 ¹)
1063 1297 1225 1384 reprehen-

215 1432 290 1501 dit:
316 1458 388 1501 nam
419 1436 474 1521 qui
500 1436 534 1501 in
556 1434 704 1501 doctrinis
731 1434 955 1503 mathematicis
977 1435 1016 1501 de
1043 1458 1116 1503 vero
1137 1436 1225 1503 inve·

218 1575 340 1643 niendo
373 1576 532 1665 desperat,
565 1575 593 1641 is
626 1581 712 1677 certe
739 1574 951 1665 philosophiae
974 1573 1229 1664 contemplationi

220 1718 325 1783 multo
362 1718 466 1783 minus
500 1716 574 1784 fidei
598 1717 716 1785 tribuat
742 1740 864 1784 necesse
886 1724 944 1786 cst.
991 1716 1081 1784 Idem
1096 1718 1139 1785 de
1159 1719 1227 1808 phi·

222 1858 364 1947 iosophia
383 1858 537 1945 judicium
550 1857 584 1924 in
605 1857 676 1924 aliis
688 1858 809 1948 scriptis
819 1858 913 1945 hujus
923 1856 1043 1946 periodi
1057 1857 1229 1927 Lucianum

191 2082 195 2085 p
221 1997 346 2079 tulisse,
370 1996 513 2087 deinceps
535 1995 819 2064 demonstrabimus
847 1998 1048 2064 &amasenus
1068 1995 1168 2082 igitur
1189 1996 1229 2063 ad
1251 2038 1254 2042 -

221 2138 385 2226 dialogum
392 2190 403 2222 ‚
431 2139 486 2225 qui
509 2140 674 2207 Parasitus
698 2137 889 2205 insmibitur.

272 2280 368 2347 Hunc
394 2279 553 2368 dialogum
579 2287 679 2363 reete,
702 2286 740 2346 ut
763 2279 873 2369 opinor
884 2330 894 2362 ,
917 2279 1088 2346 Planokins
1102 2277 1128 2367 3)
1157 2287 1230 2347 ante

226 2442 347 2486 annum
386 2422 451 2486 166
490 2443 521 2510 p.
559 2421 615 2488 Oh.
651 2444 683 2489 n.
709 2422 884 2487 confectum
906 2444 974 2487 esse
993 2421 1116 2489 statuit.
1163 2423 1233 2489 ursi

230 2559 317 2626 enim
352 2567 478 2627 externa
511 2560 629 2627 indicia
665 2561 706 2628 ad
734 2566 868 2628 aetatem
909 2561 1115 2627 definiendam
1140 2562 1233 2651 plano

229 2701 367 2785 desunt,
401 2710 505 2769 tamen
542 2710 612 2769 tum
646 2724 684 2769 ex
706 2702 835 2769 materia
858 2708 891 2769 et
913 2700 1069 2768 tractandi
1090 2702 1230 2786 ratione,

228 2865 309 2928 quse
349 2849 395 2908 est
436 2864 519 2908 mere
553 2842 736 2932 sophistica,
762 2850 833 2907 tum
856 2863 894 2907 ex
913 2841 1091 2931 imperfecta
1113 2840 1232 2927 dialogi

229 2984 343 3065 forma,
384 2990 454 3050 tum
483 3006 502 3049 e
535 2982 655 3050 facetiis
681 2989 712 3049 et
742 2980 879 3066 salibus,
904 2981 1017 3068 quibus
1038 2981 1234 3070 philosophos

230 3131 265 3190 et
298 3126 434 3190 rhetores
462 3122 561 3205 ludit,
585 3122 692 3206 efficio,
715 3124 773 3189 hoc
800 3145 878 3211 opus
900 3122 940 3188 iis
971 3121 1235 3188 annumerandum

230 3286 305 3345 esse,
331 3286 409 3349 quae
431 3262 519 3331 brevi
542 3220 812 3352 post-studiorum
834 3261 1062 3328 conversionem
1077 3261 1233 3327 Lucienus

188 3464 191 3471 .
229 3402 411 3492 composuit.
468 3403 557 3485 Quae
594 3402 634 3469 ad
669 3403 881 3487 quaestionem
914 3400 1102 3490 propositam
1136 3398 1231 3488 perti·

181 3620 184 3624 ,
234 3552 326 3627 nent,
351 3546 425 3611 haec
448 3552 532 3612 sunt.

236 3783 506 3796 -————-———-—-

272 3958 297 4019 1)
318 3956 358 4009 Of.
379 3971 453 4022 supra
470 3956 535 4009 dieta
552 3972 608 4022 pag.
629 3956 683 4008 292
705 3956 853 4017 „Postremo
869 3961 943 4009 cett!¹

271 4062 298 4126 2)
318 4063 404 4114 Herm.
423 4078 445 4111 c.
465 4062 506 4115 74.

271 4169 415 4239 ὢὶιμ
