3142 5209
829 464 870 525 50

396 690 541 756 Rationes
585 688 679 775 hujus
723 687 786 752 odii
820 688 975 755 Lucienus
1011 689 1065 754 has
1104 690 1197 756 fuisse
1233 692 1348 759 tradit:

350 829 416 895 τίνι
449 830 508 910 γὰρ
529 825 620 910 ἄλλῳ
642 825 839 909 δικαιότερον
865 828 1088 912 προσεπολέμει
1116 834 1192 915 γόης
1219 836 1352 918 ἄνθρω.

353 995 413 1046 πος
453 971 508 1033 καί
550 970 696 1051 τερατείᾳ
735 971 849 1051 φίλος,
884 971 1025 1055 ἀληθείᾳ
1060 972 1095 1038 δὲ
1133 975 1281 1059 ἔχθιστος
1289 1026 1300 1057 ,
1332 984 1353 1060 ἤ

351 1108 545 1192 Ἐπικοιίρῳ,
574 1111 669 1195 οίνόρί
691 1116 750 1194 τὴν
774 1119 868 1194 φιίσιν
886 1116 951 1178 τῶν
971 1117 1165 1196 πραγμάτων
1186 1123 1353 1201 καθεωρα.

351 1259 421 1320 κότι
449 1258 503 1319 καί
535 1260 623 1338 μόνῳ
647 1260 706 1337 τὴν
736 1258 769 1321 ἐν
793 1256 902 1328 αὐτοῖς
922 1252 1080 1335 ἀλήθειαν
1099 1254 1196 1321 εἰδότι
1203 1284 1215 1336 ,·
1239 1260 1351 1341 οἱμὲν

352 1400 412 1481 γὰρ
433 1397 513 1478 οίμφί
531 1399 587 1463 τὸν
608 1394 770 1461 Πλάτωνα
793 1396 846 1458 καί
868 1400 1059 1477 Χριίσιππον
1083 1399 1135 1461 καί
1151 1402 1351 1482 Πυθαγόραν

353 1536 453 1618 φίλοι,
474 1539 527 1602 καί
549 1541 654 1621 εἶρήνη
673 1540 794 1621 βαθεῖα
805 1538 882 1618 πρὸς
897 1535 1037 1609 ἐκείνους
1048 1530 1097 1617 ἦν’
1119 1540 1138 1602 0‘
1152 1535 1187 1601 δι’
1198 1542 1351 1617 ἄτεγκτος

352 1675 543 1760 Ἐπίκουρος
572 1714 612 1723 -
638 1679 719 1741 οὕτω
743 1680 804 1757 γὰρ
830 1677 929 1741 αὐτὸν
954 1673 1117 1757 ὠνόμαζεν
1141 1713 1182 1725 -
1204 1678 1351 1761 ἔχθιστος

267 1902 275 1915 .
352 1816 495 1895 δικαίως,
517 1823 625 1882 πάντα
646 1821 747 1880 ταῦτα
772 1820 807 1881 ἔν
829 1814 943 1896 γε’λιοτι
966 1819 1019 1880 καί
1043 1815 1158 1900 παιδιᾷ
1171 1817 1348 1900 τιθέμενος.

351 1953 436 2019 Haec
469 1960 542 2020 sunt
553 2004 563 2035 ‚
598 1975 615 2018 e
651 1951 764 2038 quibus
786 1952 886 2017 effecit
909 1952 1104 2018 Hermannus
1125 1952 1296 2020 Lucianum
1319 1953 1352 2019 in

351 2098 463 2163 ultima
496 2095 579 2161 vitae
613 2100 699 2181 parte
733 2092 766 2156 in
790 2092 917 2179 Epicuri
943 2094 1041 2158 hortis
1062 2095 1257 2180 requievisse.
1304 2097 1354 2161 Ad

339 2260 445 2325 ,quam
482 2236 690 2322 quaestionem
724 2233 956 2321 dijudicandum
990 2234 1066 2299 alios
1100 2236 1236 2301 conferre
1265 2236 1353 2302 lubet

351 2378 434 2444 locos
445 2428 455 2459 ,
492 2375 546 2442 ubi
589 2376 758 2463 Epicurum
792 2398 862 2440 cum
895 2372 988 2439 laude
1010 2382 1155 2441 memorat
1176 2375 1352 2459 Lucienus,

354 2539 414 2602 quc
435 2515 546 2580 clarius
565 2514 642 2600 quid
665 2514 699 2580 in
719 2516 777 2579 hoc
800 2513 980 2600 philosopho
999 2515 1159 2600 praecipue
1181 2514 1353 2580 laudaverit

353 2664 506 2747 cppcreat
562 2657 677 2723 Narrat
715 2657 870 2724 Lucienus
893 2658 1104 2724 Alexandrum
1126 2658 1223 2726 odisse
1245 2661 1354 2728 urbem

352 2799 530 2882 Amastrin,
562 2797 644 2883 quod
666 2798 700 2862 in
721 2820 759 2863 ca
779 2798 906 2863 civitate
928 2800 1021 2865 multi
1044 2798 1171 2886 Epicuri
1194 2808 1355 2867 sectatores

353 2938 515 3018 viverent3
554 2936 686 3003 eundem
708 2936 875 3023 Epicureos
897 2960 915 3001 s
939 2936 1090 3023 mysteriis
1111 2937 1242 3002 arcuisse
1255 2941 1300 3024 ¹),
1324 2947 1356 3005 et

353 3076 502 3144 secerdoti
550 3076 662 3157 alicui,
709 3075 763 3161 qui
809 3098 879 3141 cum
912 3075 1030 3162 Lepido
1065 3074 1216 3161 Epicureo
1251 3077 1353 3143 amici·

353 3220 429 3285 tiam
466 3223 676 3299 contruxerat,
714 3217 771 3281 hoc
806 3216 924 3281 dedisse
958 3217 1140 3282 oraculum:
1174 3225 1216 3302 μὴ
1238 3221 1355 3285 πείθου

354 3357 499 3442 Λεπίδῳ,
523 3358 591 3423 ἐπεί
611 3358 643 3422 οί
663 3356 774 3440 λυγρὸς
800 3352 884 3431 οἶτος
906 3355 1029 3440 ὀπηδεῖ.
1053 3353 1175 3435 Quibus
1186 3356 1260 3420 haec
1271 3354 1357 3420 addit

355 3495 529 3563 Lucienus:
543 3504 629 3565 πάνυ
644 3500 703 3581 γὰρ
721 3495 833 3563 ἐδεδίει
848 3500 904 3563 τὸν
919 3496 1126 3580 Ἐπίκουρον,
1138 3500 1182 3572 ὡς
1192 3503 1357 3580 προεῖπον,

355 3636 398 3713 ὥς
428 3662 503 3703 τινα
531 3638 720 3721 α’ντίτεχνον
756 3639 812 3702 καί
830 3637 1057 3719 ἀντισοφιστὴν
1079 3643 1135 3720 τῆς
1156 3637 1356 3720 μαγγανείας

354 3778 462 3843 αὐτοῦ.
478 3776 503 3860 ²)
547 3773 691 3858 Denique
717 3773 771 3840 nbi
795 3779 898 3838 narrat
921 3773 1358 3867 impostoremistumEpicuri

364 3946 590 3958 ----·-—--——-·-

392 4021 418 4081 1)
437 4022 512 4070 Alex.
528 4036 580 4085 esp.
599 4022 641 4071 38.

392 4120 417 4185 2>
437 4118 512 4171 Alex.
530 4135 582 4185 cup.
599 4120 642 4170 43.
