3142 5209
741 473 758 537 t

238 698 330 765 tenda
354 698 395 765 sit
418 700 499 767 idem
523 702 671 782 sentiunt,
695 708 798 769 tamen
818 701 930 767 mirum
945 704 1143 788 quantumin
1158 705 1243 770 vitae

152 932 155 938 Ι
241 840 431 907 enarratione
462 864 534 908 ase
558 843 728 911 discedunt.
775 844 888 928 Neque
911 844 944 909 id
966 844 1078 911 mirum
1100 845 1243 930 cuiquam

241 982 375 1063 accidet,
411 984 487 1068 qui,
527 1006 605 1069 quae
639 983 673 1048 in
707 982 791 1050 vitae
824 991 996 1050 enarratore
1029 986 1241 1071 requirantur,

240 1122 438 1209 reputaverit.
471 1124 579 1200 „Nam
599 1123 751 1209 primum,
775 1127 812 1188 ut
834 1122 990 1188 verissime
1012 1124 1134 1190 monuit
1159 1125 1241 1189 Ran-

243 1263 348 1338 nkeus
364 1264 407 1348 ¹),
441 1285 538 1348 quum
569 1286 607 1329 ex
636 1262 711 1349 ipsis
741 1262 872 1329 Luciaui
899 1262 989 1327 libris
1011 1286 1083 1329 vera
1105 1264 1242 1349 cognitio

242 1400 435 1477 ''haurienda
464 1401 522 1482 sit,
555 1401 610 1487 qui
637 1403 692 1467 hos
724 1424 784 1467 non
817 1401 1039 1467 accuratissime
1073 1401 1153 1487 legit
1185 1423 1243 1467 nec

244 1580 260 1620 p
272 1564 395 1628 graecae
417 1541 543 1629 linguae
566 1542 768 1629 peritissimus
791 1549 854 1625 est,
878 1548 915 1607 ut
935 1543 1028 1607 verba
1047 1544 1113 1629 ejus
1127 1542 1241 1629 optime

242 1684 441 1771 „intelligat
465 1708 527 1751 nou
548 1686 663 1773 poterit
676 1692 759 1752 recte
777 1686 816 1751 de
830 1687 921 1751 rebus
933 1686 1064 1752 Luciani
1080 1708 1239 1773 exponere.

242 1826 398 1907 pAccedit
434 1826 517 1913 quod
542 1827 699 1893 Lucienus
726 1849 789 1893 non
819 1827 902 1893 nude
933 1828 1080 1914 pleraque
1102 1834 1147 1891 et
1169 1827 1241 1892 sim·

241 1971 393 2058 „pliciter
415 1994 493 2055 quae
516 1970 555 2035 de
577 1994 609 2036 se
631 1970 745 2057 profert
768 1970 922 2056 explicat,
947 1969 1017 2049 sed,
1041 1974 1079 2033 ut
1104 1990 1169 2033 mos
1196 1974 1242 2033 est

243 2113 351 2201 ,sapud
365 2113 525 2200 scriptores
541 2112 695 2199 satyricos,
712 2118 794 2177 tecte
808 2111 960 2178 nonnulla
976 2110 1129 2197 significat
1143 2108 1241 2195 magis

242 2276 360 2340 nquam
382 2254 512 2340 aperit.¹¹
544 2255 718 2335 Postremo,
741 2208 833 2337 quam
855 2252 1057 2317 necessarium
1079 2250 1141 2331 sit,
1165 2256 1202 2316 ut
1225 2272 1243 2314 a

238 2394 321 2461 vitae
349 2401 520 2460 enarratore
552 2402 584 2460 et
617 2394 745 2481 genuini
775 2394 849 2459 libri
873 2417 890 2457 a
912 2393 1025 2479 spuriis
1047 2396 1243 2457 secernantur

239 2542 270 2600 et
300 2533 413 2621 scripta
439 2540 611 2622 temporum
637 2534 743 2599 ordine
770 2533 971 2622 disponantur
978 2583 987 2614 ,
1015 2534 1098 2599 idem
1123 2532 1243 2620 copiose

239 2674 373 2761 exponit.
405 2676 449 2741 At
471 2696 542 2740 vero
563 2697 661 2760 quum
678 2696 779 2761 neque
800 2674 838 2740 de
858 2674 1078 2740 nonnullorum
1093 2673 1242 2741 librorum

239 2811 298 2877 fide
315 2834 429 2895 lneque
458 2810 496 2876 de
519 2818 673 2898 tempore,
699 2836 759 2897 quo
788 2812 906 2898 singuli
934 2811 1040 2899 scripti
1062 2811 1142 2893 sint,
1168 2810 1242 2876 satis

239 2956 372 3033 constet,
401 2950 523 3016 nonnisi
558 2972 594 3015 ea
633 2972 711 3035 quae
735 2972 790 3037 pro
824 2959 908 3017 certo
943 2951 1084 3016 affirmari
1114 2957 1241 3038 possunt

239 3088 485 3156 commemorabo.

281 3228 436 3295 Lucienus
458 3234 550 3295 natus
575 3237 620 3295 est
640 3230 812 3297 Samosatac
824 3231 874 3316 ²);
898 3231 965 3318 ejus
982 3234 1085 3294 autem
1100 3235 1241 3315 parentes

237 3368 363 3435 natione
386 3390 448 3433 non
467 3370 566 3455 Syros,
582 3370 635 3435 sed
650 3370 782 3437 Graecos
796 3370 935 3437 homines
949 3369 1043 3436 fuisse
1058 3368 1123 3435 veri
1139 3369 1239 3436 simile

237 3520 292 3579 est.
340 3511 419 3576 Cum
443 3510 582 3576 desiisset
608 3512 640 3575 in
661 3512 778 3578 scholas
798 3512 966 3591 ventitare,
984 3508 1161 3594 quindecim
1175 3510 1239 3575 fere

252 3749 470 3761 'nn--n---n

274 3889 298 3953 1)
320 3887 416 3947 Rankc,
433 3886 451 3937 l.
470 3885 488 3938 l.
505 3903 531 3952 p.
551 3887 582 3936 15
603 3901 652 3950 seq.

272 3996 298 4057 2)
318 3995 408 4060 Scytha
423 4029 430 4056 ,
447 4008 499 4059 cap.
517 3994 542 4045 9.
570 3992 774 4052 bataneotes,
793 4006 845 4056 cap.
865 3992 907 4043 19.
934 3990 1056 4056 Quomodo
1074 3990 1184 4042 historia
1203 3990 1240 4041 sit

237 4103 419 4166 conscribenda,
437 4119 489 4169 cop.
509 4104 550 4153 24.
570 4101 608 4153 Gt.
627 4100 755 4166 Forbiger‚
774 4100 832 4151 Alte
850 4100 1011 4165 Geographio,
1029 4098 1065 4151 th.
1077 4099 1115 4151 11.
1132 4115 1157 4163 p.
1176 4098 1240 4151 648.
