3142 5209
815 493 835 553 4
847 577 850 582 ,

328 725 436 793 ἄλλων
483 723 643 807 κωμῳδῶν
686 725 738 787 καὶ
783 722 961 796 διαπαίζων
1011 680 1105 824 δόξα)
1152 725 1247 799 αὐτὸς
1288 731 1328 806 ἣν

273 840 280 852 ⁸
330 856 450 941 θὲιάζει
479 868 515 930 οὐ
544 864 671 945 clupei:
698 878 790 941 quem
812 856 941 942 Baylius
958 865 990 921 et
1005 829 1221 924 'stchirnerus
1234 862 1331 925 secuti
1359 849 1367 895 ¹¹

330 1007 411 1067 suut.
439 997 461 1085 Ι)
510 1000 705 1063 Hermannus
739 997 831 1062 illum
858 1020 1079 1083 permagnam
1106 999 1189 1064 vitae
1213 1009 1332 1087 partem

332 1142 369 1207 de
389 1142 473 1206 omni
494 1140 685 1227 philosophia
709 1139 901 1225 desperasse,
929 1147 1028 1205 aetate
1049 1163 1121 1206 vero
1143 1143 1332 1228 provectiore

331 1286 500 1371 Epicurum
535 1288 674 1345 secutum
710 1302 773 1344 esse
797 1280 917 1346 statuit.
931 1283 955 1366 ²)
989 1282 1141 1348 Plankius
1163 1304 1217 1368 per
1241 1283 1331 1368 quin-

331 1445 391 1507 que
422 1444 517 1487 annos
547 1420 719 1484 Luciauum
758 1419 836 1485 serio
863 1419 1087 1506 philosophiam
1109 1427 1253 1485 tractasse
1276 1444 1331 1508 pro

328 1573 410 1634 certo
449 1564 585 1629 affirmat.
611 1564 635 1647 θ)
683 1562 829 1627 Raukeus
863 1562 1087 1649 philosophiam
1130 1586 1148 1626 a
1190 1562 1328 1627 Lucieno

329 1707 442 1771 laesam
465 1711 496 1769 et
519 1702 671 1790 principes
697 1701 791 1780 illos,
821 1702 991 1780 Socratem,
1009 1702 1180 1783 Platonem,
1193 1701 1278 1781 alios,
1293 1702 1331 1766 ab

330 1840 365 1909 eo
392 1852 580 1932 contemptos
596 1868 660 1909 esse
683 1845 817 1931 praecise
840 1852 944 1930 negat.
960 1847 983 1929 ⁴)
1008 1845 1154 1927 Ohlebus,
1167 1856 1329 1932 postquam

329 1985 450 2051 monuit
490 1982 662 2050 Lucienum
704 2007 825 2050 omnem
863 1980 1072 2072 philosophiae
1102 1986 1330 2053 institutionem

328 2128 423 2193 talem
446 2126 586 2209 duxisse,
611 2150 648 2191 ex
672 2150 733 2211 qua
753 2126 933 2191 detrimenti
945 2133 977 2191 et
987 2128 1170 2193 incommodi
1186 2131 1328 2213 multum,

329 2270 476 2335 utilitatis
517 2292 625 2356 parum
662 2270 818 2355 percipere
853 2270 990 2334 homines
1013 2278 1155 2356 possent,
1178 2280 1329 2358 postremo

328 2411 401 2475 haec
439 2408 546 2474 addit:
594 2446 610 2485 η
623 2406 678 2491 qui
732 2429 829 2491 quum
883 2407 965 2473 nihil
1019 2410 1228 2492 quaerendum
1265 2434 1329 2476 esse
1424 2449 1426 2451 ·

331 2590 347 2630 p
359 2551 486 2617 sentiret
516 2549 657 2615 omnibus
681 2546 930 2635 philosophorum
959 2550 1069 2615 studiis
1092 2550 1152 2615 nisi
1179 2552 1330 2638 praesidia

331 2687 399 2765 aad
444 2687 542 2753 vitam
580 2688 658 2752 bene
696 2687 919 2752 instituendam
958 2688 1085 2770 idonea,
1121 2689 1267 2775 Cynicos,
1303 2693 1329 2755 si

330 2869 347 2909 p
357 2829 512 2895 moderate
545 2829 671 2894 illorum
694 2830 830 2894 inventis
853 2830 901 2894 uti
930 2832 1000 2915 quis
1026 2833 1136 2915 vellet,
1160 2858 1222 2899 non
1248 2844 1329 2901 totos

363 3181 388 3243 1)
407 3180 481 3230 Phot.
501 3178 568 3229 Bibl.
586 3178 638 3227 cod.
659 3178 719 3228 128.
737 3178 791 3227 Pet.
813 3178 897 3242 hayla,
916 3178 974 3226 Lex.
987 3152 1049 3225 list.
1068 3176 1125 3226 crit.
1143 3194 1163 3228 s.
1176 3193 1199 3227 n.
1210 3177 1328 3230 Perriers.

325 3286 353 3336 Τ.
374 3286 427 3335 IlI.
448 3302 472 3351 p.
498 3286 558 3339 678.
595 3284 739 3335 Tzschirnor
757 3284 811 3333 ran
831 3283 871 3332 des
895 3283 1082 3333 Heidenthums.
1104 3282 1150 3334 Th.
1171 3283 1230 3334 lis.
1250 3285 1310 3333 155.

340 3393 584 3459 *2)1.1.p.214.

362 3504 388 3566 3)
409 3501 567 3566 quaestiones
596 3500 737 3549 Lucisneae.
772 3498 860 3549 Libelli
889 3497 1003 3548 Luciansi
1029 3501 1226 3565 temperantque
1245 3498 1329 3547 ordine

325 3610 506 3675 disponuntur,
524 3622 655 3671 eorumque
676 3610 819 3671 argumenta
837 3606 874 3655 ita
891 3608 1055 3665 enarrantur,
1074 3607 1103 3654 ut
1119 3606 1177 3668 quid
1190 3605 1218 3654 ds
1229 3606 1329 3654 Iruciani

324 3718 414 3775 satira,
443 3715 595 3781 philosophia
628 3714 795 3777 librorumque
825 3713 1017 3773 nonnullorum,
1043 3714 1086 3776 qui
1114 3712 1259 3763 videbantur
1277 3712 1327 3761 his·

322 3823 415 3883 torici,
434 3822 481 3871 fida
500 3821 657 3885 judicandum
676 3822 729 3881 sit,
745 3823 869 3886 appareat.
891 3821 993 3886 Scripsit
1014 3820 1069 3871 Ad.
1081 3820 1180 3870 Planck.
1192 3819 1324 3884 Tubingoe,

324 3946 352 3980 οι
376 3930 417 3981 on.
436 3930 463 3980 a.
487 3930 515 3980 r.
536 3930 606 3978 rues.
626 3929 702 3979 rau.
720 3944 774 3993 pag.
796 3929 837 3978 10.
1143 3903 1147 3910 '

360 4042 387 4100 4)
408 4036 496 4087 Pollux
517 4040 543 4086 et
559 4037 687 4086 Lucienus.
709 4035 812 4099 Scripsit
829 4036 857 4085 O.
879 4036 906 4084 1⁴⁸.
932 4035 1021 4086 Ranlre.
1040 4034 1226 4103 quedlinburgi.
1248 4037 1325 4104 1831,

324 4164 348 4213 p.
369 4146 409 4195 25.
