3142 5209
812 460 830 519 8

318 716 413 773 annos
444 698 552 756 natum
586 696 673 776 pater
701 712 772 754 cum
795 688 893 753 leviro
928 688 962 753 in
997 687 1193 776 disciplinam
1220 691 1323 773 dedit,

319 842 355 901 ut
384 840 480 900 artem
508 831 690 898 statuariam·
709 831 840 896 disceret
864 853 926 915 qua
949 831 1117 896 exercenda
1132 831 1251 897 victum
1266 833 1326 898 sibi

321 982 490 1062 quaereret.
538 976 582 1039 At
606 996 676 1039 mox
693 972 768 1038 artis
788 973 881 1060 hujus
902 971 1037 1036 desertor
1060 972 1198 1051 exstitit3
1223 974 1326 1038 rhetor

321 1124 352 1181 et
384 1116 520 1203 sophista
546 1116 644 1181 factus
667 1122 722 1181 est.
770 1114 849 1196 Quis
874 1114 940 1199 ejus
963 1114 1065 1179 studia
1100 1114 1245 1201 magister
1275 1136 1323 1182 rer

321 1254 417 1337 xerit,
443 1252 498 1320 ubi
525 1251 707 1318 eruditionis
730 1252 848 1337 copiam
870 1252 985 1317 rhetori
1009 1259 1040 1316 et
1056 1251 1208 1337 sophistae
1223 1274 1325 1316 neces-

322 1394 430 1460 sariam
465 1394 523 1459 sibi
561 1392 797 1480 comparaverit,
825 1392 940 1457 nullibi
963 1391 1067 1457 tradit.
1115 1391 1232 1456 Itinera
1256 1414 1327 1456 eum

321 1536 419 1601 multa
447 1536 552 1602 fecisse
581 1544 611 1601 et
640 1536 738 1601 varias
762 1534 873 1600 adiisse
902 1534 1042 1619 regiones
1056 1537 1097 1619 ¹),
1119 1533 1203 1599 felici
1223 1555 1327 1599 rerum

323 1698 460 1741 successu
493 1676 633 1762 gavisum
660 1698 723 1741 esse
751 1682 782 1741 et
814 1675 896 1741 haud
923 1676 989 1739 sine
1012 1675 1105 1741 laude
1136 1676 1170 1739 in
1198 1676 1328 1761 patriam

323 1813 449 1880 rediisse
461 1814 485 1899 ²)
511 1814 576 1901 ipse
600 1815 633 1880 in
657 1818 773 1881 Somnio
793 1821 897 1901 aperte
918 1821 1059 1881 testatur.

369 1954 486 2019 Eadem
520 1956 582 2020 fere
617 1963 720 2022 narrat
755 1957 790 2021 in
824 1956 967 2041 dialogo,
993 1958 1048 2041 qni
1070 1956 1249 2022 inscribitur
1271 1960 1329 2023 Bis

325 2099 490 2163 Accusator
524 2120 588 2184 cap.
629 2100 669 2163 27
711 2120 790 2183 sqq.·
815 2097 869 2162 ubi
904 2120 921 2162 a
948 2097 1108 2162 Rhetorica
1143 2104 1330 2182 tanquama

327 2238 472 2304 derelict-a
506 2262 600 2305 uxore
635 2261 689 2326 per
712 2240 867 2305 fictionem
886 2239 997 2325 judicii
1019 2239 1135 2326 publici
1166 2249 1329 2323 κακώσεως

326 2386 504 2460 mersatur,
539 2404 616 2465 quae
644 2382 719 2447 talia
742 2389 848 2447 contra
870 2382 962 2446 illum
984 2382 1120 2467 profert:
1151 2422 1167 2461 7,
1176 2383 1249 2448 Mea
1274 2385 1329 2449 ille

327 2543 417 2608 opera
440 2520 538 2607 gloria
566 2530 597 2587 et
620 2521 739 2588 divitiis
764 2521 896 2607 gaudet,
930 2522 1043 2608 quippe
1067 2545 1146 2606 quae
1168 2522 1331 2589 admodum

327 2655 569 2739 adolescentem,
604 2657 714 2743 lingua
744 2659 843 2723 adhuc
875 2657 1057 2740 barbarum,
1096 2658 1175 2723 circa
1209 2658 1330 2724 Joniam

328 2796 518 2863 oberrantem
541 2807 572 2864 et
597 2800 673 2885 quid
694 2800 732 2864 de
756 2822 788 2864 se
810 2800 876 2887 ipso
899 2801 1012 2864 faceret
1034 2799 1181 2881 dubium,
1213 2804 1331 2887 suscepi

329 2943 423 3021 atque
445 2936 578 3004 institui.
615 2938 853 3022 Quoquoversus
868 2961 939 3003 eum
954 2944 1058 3003 secuta
1072 2961 1149 3018 sum,
1166 2947 1202 3002 nt
1217 2939 1334 3018 clarum

331 3085 362 3143 et
386 3079 521 3144 nobilem
543 3079 709 3145 redderem.
735 3083 778 3146 At
806 3102 884 3163 quae
909 3081 942 3143 in
963 3078 1054 3143 donia
1076 3087 1107 3143 et
1122 3079 1250 3144 Graecia
1264 3081 1332 3163 feci,

331 3219 448 3284 modica
474 3227 566 3299 sunt;
590 3222 717 3307 trajecto
740 3242 813 3284 vero
837 3218 946 3283 Jonico
970 3220 1041 3283 sinu
1059 3219 1093 3282 in
1103 3218 1226 3283 Italiam
1243 3219 1335 3284 illum

333 3364 435 3423 secuta
459 3381 535 3439 sum,
563 3361 596 3423 in
621 3360 726 3424 Gallia
750 3382 821 3425 eum
845 3358 1041 3443 locupletavi.
1090 3358 1184 3421 Nunc
1199 3378 1271 3422 vero
1286 3379 1335 3421 me

347 3575 594 3584 Ἥ

370 3710 395 3769 l)
416 3709 496 3758 Some.
515 3723 566 3771 cap.
588 3709 637 3756 15:
656 3698 720 3762 dard
756 3705 811 3779 τῆς
843 3696 885 3761 ἕω
907 3696 1078 3777 ἀρξάμενος
1098 3696 1172 3777 ἄχρι
1194 3696 1270 3775 πρὸς
1294 3697 1335 3756 τὰ

335 3800 464 3881 ἑσπέρια
487 3824 516 3861 κ.
538 3823 567 3861 τ.
589 3796 618 3861 λ.

372 3894 713 3973 2)Somn.cap18:oto;
746 3898 780 3962 δὲ
811 3901 887 3979 πρὸς
919 3899 1000 3978 ὑμᾶς
1033 3894 1278 3975 ἐπανελήλυθα,
1310 3898 1337 3957 εἰ

334 4003 387 4064 καὶ
440 3998 541 4081 μηδὲν
597 3995 692 4070 ἄλλο,
737 3998 865 4071 οὐδενὸς
906 4003 983 4075 γοῦν
1035 3997 1100 4060 τῶν
1130 3991 1335 4074 λιθογλύφων

334 4101 528 4181 ἀδοξότερος.
567 4109 605 4174 Cf.
624 4108 752 4173 Apologia,
770 4124 823 4171 cap.
842 4109 884 4159 15.
