3142 5209
761 471 882 575 ¹ao

363 738 444 805 enirn
471 741 544 805 haec
564 744 686 803 monet:
708 776 724 817 η
736 739 889 803 Sermonis
911 736 1068 823 granditas
1087 760 1122 803 ao
1146 738 1290 806 rhetorici
1305 741 1365 806 loci

365 918 381 955 η
395 900 568 943 communes
601 876 712 963 passim
739 884 893 941 testantur
919 876 1171 943 declamationem
1196 879 1275 943 hanc
1302 903 1366 945 esse

366 1020 497 1107 „potius
543 1042 635 1104 quam
672 1019 897 1098 hortationem,
940 1040 1002 1102 qua
1038 1018 1192 1104 propriam
1229 1042 1364 1085 caussam

366 1154 548 1232 „Lucienus
597 1152 741 1221 adversus
790 1156 1039 1242 philosophorum
1077 1156 1246 1221 calumnias
1283 1158 1366 1223 tueri

366 1294 557 1372 ,s'studuerit
582 1292 708 1360 Etenim
734 1293 901 1359 calumnias
925 1293 999 1359 istas
1010 1294 1103 1379 longe
1118 1293 1238 1359 diversa
1248 1296 1366 1361 ratione

365 1434 459 1518 stipae
500 1434 665 1519 posteriore
688 1437 789 1498 aetate
797 1482 817 1512 ,A
834 1454 931 1517 quum
952 1432 1075 1499 demum
1098 1432 1132 1497 id
1154 1434 1220 1499 fieri
1243 1457 1363 1499 neeesse

367 1583 475 1655 perat,
497 1576 647 1660 castigare
673 1577 841 1661 aggressus*
860 1582 915 1641 est.
928 1582 943 1615 ‘¹

411 1716 497 1779 Haec
520 1738 585 1781 eam
610 1713 648 1779 ob
676 1736 798 1780 causam
820 1716 983 1801 praemisi,
1008 1738 1048 1782 ne
1074 1715 1151 1800 quis·
1168 1740 1205 1780 ex
1228 1740 1293 1803 cap.
1322 1722 1364 1782 29

365 1856 511 1934 efficeret,
535 1854 707 1919 Lucianum
734 1861 836 1920 aetate
857 1858 1049 1941 provectiore
1071 1880 1163 1923 suum
1185 1858 1224 1922 de
1242 1859 1364 1924 Socrate

360 1996 513 2084 judicium
549 1996 583 2061 in
621 1996 734 2072 melius
774 2003 917 2065 mutasse.
972 1997 1137 2083 Leguntur
1182 1996 1227 2063 ibi
1268 2001 1361 2065 haec:

365 2144 397 2232 τξ
429 2145 488 2225 γὰρ
517 2146 560 2206 ἄν
596 2166 644 2215 τις
676 2146 697 2223 ἤ
730 2143 785 2206 τὸν
821 2148 998 2224 Σωκράτην
1038 2141 1144 2221 λέγοι,
1167 2146 1224 2209 τὸν
1244 2144 1363 2219 ἀδίκως

365 2287 441 2368 πρὸς
482 2286 555 2358 τούς
585 2282 792 2365 Ἀθηναίους
825 2281 1077 2367 διαβεβλημένον
1105 2288 1149 2359 ὥς
1179 2287 1278 2371 α’σεβῆ
1308 2289 1362 2351 καὶ

365 2421 563 2507 tristantem
598 2418 660 2483 Hic
679 2416 835 2483 Lucienus
858 2420 939 2485 inter
962 2443 1031 2502 eos,
1057 2423 1170 2506 quibus
1194 2424 1365 2491 insontibus

364 2559 514 2645 pernicies
552 2582 570 2623 a
599 2557 874 2623 calumniatoribus
905 2567 985 2625 esset
1016 2562 1128 2646 allata,
1153 2564 1306 2631 Socratem
1328 2575 1381 2635 111,

363 2698 606 2765 illustrissimum
631 2698 806 2783 exemplum
829 2699 932 2765 refert.
965 2699 1004 2765 Id
1027 2708 1132 2766 autem
1158 2704 1363 2770 criminationi

364 2865 454 2930 supra
477 2842 511 2905 in
538 2864 609 2906 cum
630 2837 762 2905 collatae
789 2862 985 2926 nequaquam
1007 2850 1181 2928 repugnat3
1208 2847 1294 2913 aliud
1317 2858 1363 2915 est

364 2982 447 3048 enim
481 3004 591 3069 pueros
629 3002 728 3047 amare
739 3032 748 3063 ‚
783 2982 868 3047 aliud
893 2984 964 3048 deos
987 2985 1146 3071 negligere
1169 2996 1201 3053 et
1227 2990 1364 3058 libertati

364 3095 515 3189 insidiari.

370 3284 372 3290 ·
409 3258 588 3329 Cavendum
610 3263 696 3345 item,
713 3286 753 3329 ne
767 3265 899 3334 nimium
914 3268 1032 3335 tribuas
1048 3271 1087 3336 iis
1100 3276 1223 3358 quaein
1237 3279 1363 3360 Somnio,

364 3428 429 3492 cap.
456 3406 509 3485 lt,
530 3402 568 3469 dc
584 3404 707 3469 Socrate
723 3403 926 3473 disseruntur.
964 3409 1014 3475 Ibi
1034 3410 1178 3478 Eruditio
1193 3415 1364 3481 innumero

365 3570 469 3613 eorum
482 3544 594 3633 quibus
611 3545 739 3630 gloriam
756 3546 966 3633 impertiverat
975 3550 1128 3616 Socratem
1140 3553 1286 3623 nominat:
1299 3562 1362 3627 όδὲ

365 3698 536 3775 Σωκράτης
557 3694 609 3755 καὶ
631 3692 727 3765 αὐτὸς
749 3694 811 3755 ὑπὸ
829 3702 869 3776 τῇ
880 3694 1092 3779 ἑρμογλυφικῇ
1105 3705 1205 3782 ταύτῃ
1216 3707 1361 3786 τραφεὶς,

368 3836 475 3919 ἐπειδὴ
506 3842 638 3921 τάχιστα
670 3844 783 3917 συνῆκε
805 3843 860 3901 τοῦ
881 3841 1058 3920 κρείττονος
1077 3844 1131 3905 καὶ
1153 3842 1364 3925 δραπετεύσας

364 3972 439 4057 παρ’
462 3974 559 4054 αὐτῆς
584 3970 795 4055 ηὐτομόλησεν
807 3977 850 4047 ὡς
861 3977 913 4055 ἐμὲ
923 4023 933 4053 ,
947 3976 1070 4051 duellam
1081 3981 1124 4053 ὡς
1136 3983 1222 4064 παρὰ
1233 3989 1364 4051 πάντων

257 4110 259 4114 ’
364 4114 486 4200 ᾄδεται.
533 4110 698 4177 Neminem
732 4112 812 4179 enim
855 4111 958 4198 aptius
996 4113 1152 4180 nominare
1167 4140 1174 4146 ’
1190 4118 1240 4183 hic
1262 4122 1363 4206 potuit
