3142 5209
720 526 763 589 43

244 759 355 839 ἐρήμης
377 760 506 839 κρατεῖν
549 751 650 831 nolit,
694 751 779 817 istud
809 752 971 819 eonsilium
998 754 1098 841 rejicit
1110 782 1120 836 ;
1144 778 1245 843 nequo

242 892 339 977 magis
350 942 360 973 ,
382 913 461 975 quae
487 891 602 978 Apollo
629 900 661 958 et
685 892 836 957 Hercules
858 895 1003 978 suadent,
1025 897 1097 963 Jovi
1112 900 1243 985 placent.

241 1031 310 1096 Diis
336 1031 380 1097 ita
403 1031 653 1115 deliberantibus,
670 1040 796 1121 repente
817 1035 946 1100 Hermes
959 1041 1107 1121 ἀγοραῖος
1122 1040 1246 1104 nuntiat

242 1172 377 1239 Stoicum
412 1179 444 1238 et
485 1174 672 1259 Epicureum
707 1176 771 1260 jam
798 1199 906 1241 manus
933 1177 1120 1242 conseruisse
1131 1204 1141 1258 3
1166 1178 1244 1244 deli-

241 1313 411 1381 berationes
439 1314 538 1400 igitur
570 1315 675 1381 missas
712 1316 851 1397 faciunt,
890 1324 927 1383 ut
950 1342 1029 1403 quae
1052 1321 1091 1386 ab
1114 1327 1245 1406 utroque

243 1454 408 1521 afferantur
430 1454 568 1521 audiant.

289 1596 430 1680 Stoicus,
462 1603 625 1684 postquam
652 1598 916 1665 circumstantium
936 1602 1121 1667 eoronamin
1135 1598 1252 1669 Damin'

243 1735 373 1800 excitare
397 1736 510 1801 frustra
537 1742 663 1801 conatus
690 1742 757 1816 est,
783 1736 895 1820 quibus
924 1738 1113 1823 argumentis
1139 1740 1249 1805 efficiet

243 1872 314 1938 deos
350 1873 509 1959 providere
548 1873 638 1938 rebus
674 1872 817 1938 humanis
859 1874 993 1959 exponit.
1052 1874 1191 1939 Primum
1229 1898 1247 1939 e

244 2023 326 2081 oerto
353 2015 469 2099 ordine,
497 2016 552 2101 qui
579 2016 613 2080 in
636 2021 746 2079 natura
769 2021 897 2099 totoque
920 2012 1035 2078 mundo
1063 2016 1248 2100 agnoscitur,
1344 2050 1347 2055 ·

244 2156 277 2221 id
299 2178 442 2243 apparere
468 2154 556 2223 dicit.
604 2155 775 2242 Epicureus
801 2156 858 2220 hoo
873 2160 1088 2239 argumentum
1098 2155 1249 2240 petitione

150 2320 156 2331 ·
244 2296 388 2383 principii
411 2293 548 2360 laborare
571 2294 733 2381 respondet
744 2320 754 2373 3
781 2316 853 2358 nam
864 2316 929 2358 esso
950 2294 984 2357 in
1008 2298 1248 2359 naturaeertum

245 2438 382 2504 ordinem
407 2436 481 2503 satis
499 2443 645 2516 constare,
662 2432 884 2522 aprovidentia
896 2439 998 2498 autem
1010 2432 1102 2498 illum
1113 2433 1248 2500 ordinem

246 2604 309 2647 esso
342 2579 522 2645 inst‘tntum
560 2577 686 2642 minime
724 2576 799 2640 inde
829 2573 917 2660 sequi
928 2600 938 2654 ς
967 2572 1135 2639 afortuito
1157 2573 1248 2639 initio

144 2779 149 2786 .
245 2720 413 2804 potuerunt
443 2714 503 2779 iste
539 2712 690 2798 originem
715 2711 839 2777 duxisse
860 2716 892 2775 ot
917 2732 1000 2775 nuno
1023 2707 1057 2773 in
1083 2715 1166 2774 statu
1191 2709 1249 2775 illo

245 2859 417 2926 consistere.
442 2859 613 2923 Attenuato
634 2857 692 2922 hoe
715 2860 911 2940 argumento,
932 2855 1052 2919 Stoicus
1066 2854 1200 2919 Homero
1215 2876 1247 2917 se

245 3002 335 3068 fidem
356 3003 467 3069 hebere
490 3001 576 3084 dicit,
601 3000 656 3086 qui
683 3000 755 3065 deos
780 3000 942 3088 providere
953 3000 1133 3065 mortalibus
1148 2999 1245 3065 donet.

245 3142 351 3243 Damis
380 3166 453 3209 vero
475 3150 512 3208 ut
534 3142 625 3208 faailo
648 3141 795 3206 concedat
816 3141 986 3207 Homerum
1008 3140 1159 3227 optimum
1184 3165 1248 3208 esse

245 3292 385 3373 puttam,
428 3284 473 3349 ita
512 3290 607 3369 negat
645 3288 699 3348 eut
741 3282 833 3346 illum
872 3287 927 3346 aut
971 3280 1069 3346 alium
1109 3281 1248 3367 quemvis

244 3433 363 3513 poetam
403 3424 442 3489 de
479 3424 569 3490 rebus
605 3422 719 3487 divinis
764 3421 911 3486 idoneum
960 3427 1069 3486 testem
1109 3421 1247 3487 adhiberi

243 3590 347 3655 posse3
386 3563 523 3653 jucunda
557 3562 639 3629 enim
669 3539 700 3628 et
734 3560 837 3627 dulcia
870 3559 951 3627 veris
982 3582 1072 3647 saepe
1101 3564 1247 3648 anteponi

244 3704 391 3792 apoetis.

288 3847 338 3912 Ad
369 3844 524 3932 justitiam
553 3842 708 3924 divinam,
733 3843 767 3908 in
790 3842 967 3932 Euripideis
990 3842 1104 3909 fabulis
1129 3847 1246 3929 speeta-

245 3994 345 4051 torum
383 3990 454 4049 ante
488 3982 592 4049 oeulos
625 3982 773 4069 positam,
799 3989 942 4069 provooat
964 3982 1094 4050 Stoicus.
1141 3981 1248 4046 Damis

246 4128 347 4189 autem
385 4123 476 4187 inane
510 4123 567 4186 hoo
602 4126 817 4206 argumentum
854 4120 899 4186 ite
932 4121 1046 4187 refutat
1057 4169 1066 4199 ,
1090 4125 1127 4184 ut
1153 4116 1245 4182 simul
