3142 5209
723 522 766 582 45

237 750 362 815 deorum
396 746 591 814 existentiam
622 751 653 811 et
687 744 914 833 providentiam
936 746 1028 813 certis
1050 750 1239 834 argumentis

236 892 356 979 probari
393 914 489 978 posse.
535 892 734 957 Transeamus
764 888 803 954 ad
826 911 879 972 ea,
904 911 983 974 quae
1005 897 1109 957 contra
1128 891 1239 958 Fatum

239 1031 418 1119 disputavit.

286 1172 327 1237 In
350 1174 444 1237 Most.
470 1170 545 1238 dial.
567 1170 664 1237 XXX
687 1170 857 1234 Sostratum
871 1168 1023 1233 latronem
1033 1167 1170 1253 inducit,
1184 1172 1239 1256 qui

240 1336 309 1379 cum
344 1312 464 1399 jamin
491 1332 526 1375 eo
551 1315 647 1393 esset,
671 1316 708 1376 ut
733 1309 768 1374 in
795 1308 1123 1395 Pyriphlegethontem
1144 1310 1239 1398 conji-

240 1460 372 1536 ceretur,
399 1451 444 1516 ita
467 1473 498 1515 se
517 1449 599 1537 apud
611 1449 749 1514 Minoam
765 1447 914 1532 defendit,
930 1454 967 1513 ut
982 1447 1059 1513 Fato
1074 1408 1242 1516 constituto

238 1594 397 1659 hominnm
414 1591 547 1657 actiones
566 1612 629 1654 non
652 1612 716 1655 esse
734 1588 856 1670 liberas,
874 1587 981 1671 itaque
1001 1588 1139 1654 homines
1161 1590 1242 1675 ipsos

236 1736 306 1822 jure
338 1757 439 1819 neque
477 1732 516 1797 ad
554 1728 707 1817 supplicia
739 1727 934 1794 condemnari
966 1750 1069 1813 neque
1100 1731 1243 1817 praemiis

239 1874 317 1939 affici
332 1895 419 1960 posse
447 1870 597 1937 ostendat.
633 1867 767 1934 Uberius
787 1868 871 1933 idem
897 1875 1113 1953 argumentum
1132 1876 1244 1936 tractat

242 2013 276 2077 in
302 2010 441 2096 dialogo,
465 2008 522 2094 qui
552 2009 673 2091 dispiter
696 2008 873 2094 cory‘atatuc
896 2004 1091 2087 inscribitur,
1119 2006 1154 2071 in
1180 2029 1242 2093 quo

241 2152 387 2240 Cyniscus
408 2152 486 2217 Fato
505 2149 676 2215 constituto
698 2146 759 2216 Dei
779 2169 904 2233 quoque
926 2146 1151 2234 providentiam
1169 2148 1241 2214 tolli

191 2334 193 2337 -
243 2294 341 2361 docet.

287 2438 394 2501 Restat
415 2440 452 2500 ut
476 2433 552 2519 quid
580 2434 618 2498 de
641 2430 737 2497 animi
748 2430 979 2496 immortalitate
994 2430 1137 2495 statuerit
1151 2453 1243 2520 expo-

196 2636 197 2639 ,
243 2600 360 2646 namus.
384 2578 494 2663 Magni
517 2576 663 2642 momenti
685 2574 724 2640 ad
746 2575 825 2639 hanc
851 2574 1061 2659 quaestionem
1079 2580 1152 2640 sunt
1168 2597 1247 2659 quae

243 2720 397 2788 Lucianus
420 2720 498 2784 serio
520 2720 650 2805 loquens
671 2718 706 2783 in
724 2718 820 2801 libro,
843 2717 898 2803 qui
913 2720 950 2783 de
966 2720 1068 2784 Morte
1087 2720 1248 2801 Peregrini

243 2860 439 2941 inscribitur,
476 2860 597 2925 disserit
633 2860 671 2925 de
710 2859 825 2925 Christi
856 2859 1076 2942 sectatoribus,
1115 2860 1247 2947 quispe

244 3000 482 3067 imrnortalitatis
500 3007 628 3065 mortem
647 3007 791 3087 oppetere
811 3023 873 3064 non
887 3000 1077 3082 recusabant,
1102 3002 1244 3087 cap.132

246 3144 411 3208 σιπιίιιοισι
444 3144 504 3223 γὰρ
537 3143 652 3216 αὐτούς
692 3142 723 3206 οἱ
761 3141 992 3225 κακοδαίμονες
1022 3145 1059 3207 τὸ
1088 3144 1148 3225 μὲν
1169 3141 1246 3209 ὅλον

245 3286 406 3350 ἀθάνατοι
435 3284 563 3348 ἔσεσθαι
593 3285 646 3347 καὶ
668 3286 844 3367 βιώσεσθαι
865 3286 921 3349 τὸν
942 3283 993 3347 αἰεὶ
1018 3288 1143 3368 χρόνον,
1168 3284 1244 3364 παρ’

247 3427 264 3488 d
293 3428 349 3490 ναὶ
381 3432 613 3507 καταφρονοῦσι
648 3430 703 3490 τοῦ
734 3430 883 3489 θανάτου
909 3425 963 3488 καὶ
988 3427 1113 3499 ἑκόντες
1133 3425 1249 3499 αὐτούς

247 3564 445 3631 ἐπιδιδόασιν
466 3564 497 3627 οἱ
521 3560 644 3627 πολλοί.
674 3560 724 3625 Ex
749 3560 799 3626 his
821 3557 913 3625 dictis
938 3559 1010 3625 luce
1032 3558 1145 3625 clarius
1162 3564 1249 3646 patet

247 3704 419 3771 Lucianum
447 3724 568 3768 omnem
595 3724 678 3788 spem
705 3701 788 3767 vitae
810 3701 933 3766 futurae
962 3699 1115 3786 abjecisse.
1161 3697 1248 3763 Idem

249 3845 344 3911 afficio
378 3868 395 3910 e
433 3845 627 3910 Demonactis
670 3844 759 3909 effato
804 3843 842 3909 ab
881 3844 939 3909 illo
976 3842 1122 3923 laudato,
1160 3844 1247 3908 Desa.

249 4002 314 4068 cap.
340 3986 400 4049 32:
426 3985 529 4051 ἄλλον
561 3984 597 4051 δέ
633 4008 709 4049 ποτε
752 3986 902 4069 ἐρομένου
936 3983 1196 4068 (Demonactem),
1222 3989 1251 4049 εἰ

249 4129 414 4199 ἀθάνατος
463 4126 550 4208 αὐτῷ
587 4131 608 4205 ἡ
643 4128 730 4208 ψυχὴ
765 4123 855 4189 δοκεῖ
892 4118 999 4203 οἴνοις
1031 4124 1249 4198 Ἀθάνατος,
