3142 5209
699 492 741 591 ¹aa

213 753 345 843 dialogis
373 756 494 821 collatis
525 776 580 841 pro
613 760 695 820 certe
719 754 867 821 affirmare
889 757 1001 841 ausim,
1024 757 1213 838 Lucianum,

214 920 292 981 quae
315 896 349 961 in
369 897 555 962 Hermotimo
577 899 682 960 contra
702 893 926 981 philosophiam
941 896 1019 961 serio
1034 896 1213 984 disputavit,

213 1034 318 1100 eadem
341 1033 375 1097 in
398 1033 543 1099 Parasito
556 1030 725 1098 ¹ludentem
748 1030 897 1117 tetigisse.

259 1175 346 1257 Quae
376 1173 519 1259 deinceps
546 1171 684 1258 disputat
714 1171 808 1256 sima,
825 1172 949 1258 quibus
976 1181 1095 1239 veteres
1119 1183 1151 1240 et
1165 1199 1214 1241 ae·

214 1314 320 1401 quales
352 1312 548 1398 philosophos
582 1310 773 1377 acerbissime
808 1312 1011 1397 perstringit,
1035 1315 1109 1379 haec
1134 1314 1214 1380 nihil

213 1452 252 1519 ad
291 1450 498 1536 quaestionem
529 1450 714 1535 propositam
744 1450 881 1533 faciunt,
918 1473 1014 1536 quae,
1051 1452 1128 1538 quid
1150 1455 1213 1520 Lu·

214 1595 319 1661 cianus
360 1592 399 1655 de
433 1591 625 1678 philosophia
659 1592 820 1672 statuerit,
860 1592 1003 1677 inquirit.
1051 1596 1102 1660 Ad
1128 1599 1216 1666 aliud

214 1736 313 1823 igitur
347 1757 423 1820 opus
456 1740 665 1815 transeamus,
694 1734 852 1821 dialoffrm
875 1736 943 1801 dico
954 1787 964 1818 ,
990 1738 1045 1822 qui
1077 1741 1216 1808 Piscator

214 1879 401 1947 inscribitur.

259 2023 300 2088 In
330 2022 387 2087 hoo
420 2020 542 2106 dialogo
575 2020 667 2084 multi
690 2021 798 2085 insunt
820 2020 902 2101 loci,
927 2022 982 2110 qui
1010 2044 1102 2107 quarn
1123 2028 1213 2091 vehe-

215 2172 332 2232 menter
374 2163 412 2228 dc
447 2186 518 2229 vera
548 2161 740 2250 philosophia
780 2162 967 2227 invenienda
993 2163 1215 2252 desperaverit,

214 2308 295 2373 clare
324 2311 485 2370 testantur.

260 2448 385 2534 Dialogi
411 2455 628 2533 argumentum
651 2450 712 2515 huc
739 2449 802 2515 fere
830 2450 921 2518 redit.
955 2451 1114 2538 Principes
1134 2456 1214 2520 anti·

216 2592 343 2679 quitatis
379 2588 553 2677 philosophi
580 2595 742 2675 postquam
779 2614 798 2655 a
824 2592 959 2657 Plutone
989 2592 1215 2679 impetrarunt,

215 2742 250 2801 ut
285 2754 339 2819 per
361 2753 458 2795 unum
484 2728 566 2793 diem
589 2727 796 2811 reviviscant,
821 2731 960 2796 Athenas
986 2754 1018 2797 se
1039 2733 1216 2816 conferunt,

215 2881 251 2939 ut
282 2895 300 2935 a
328 2867 464 2934 Lucieno
497 2867 551 2952 qni
579 2867 659 2954 ipsos
682 2865 818 2931 ludibrio
843 2867 1001 2934 habuisset
1024 2868 1217 2953 gravissimas

215 3012 335 3073 sumant
361 3027 483 3091 poenas.
507 3002 558 3068 Ibi
580 3002 688 3068 multis
710 3002 852 3088 precibus
873 3004 911 3069 ab
927 3003 985 3069 illo
1002 3009 1166 3069 exorantur
1180 3011 1216 3070 ut

215 3149 304 3215 litem
337 3146 551 3233 Philosophiae
573 3145 800 3231 dijudicandam
823 3146 1014 3233 permittant.
1060 3146 1217 3214 Lucienus

215 3296 376 3377 postquam
394 3286 556 3352 consilinm
575 3285 632 3349 hoc
643 3291 680 3351 ut
700 3285 815 3350 talibus
829 3286 906 3351 viris
924 3285 1054 3370 dignum
1069 3286 1217 3368 laudavit,

214 3432 259 3496 ita
289 3429 412 3516 pergit:
436 3434 505 3494 Ποῦ
529 3432 588 3510 τὴν
611 3427 810 3511 Φιλοσοφίαν
836 3432 918 3513 εὕροι
943 3456 991 3504 τις
1013 3434 1075 3498 ἄν;
1097 3431 1133 3496 οὐ
1155 3433 1215 3514 γὰρ

216 3570 288 3639 οἶδα
325 3573 409 3638 ἔνθα
439 3572 530 3647 οἰκεῖ,
564 3569 669 3632 καίτοι
702 3574 789 3635 πάνυ
811 3566 913 3634 πολύν
934 3567 1122 3653 ἐπλανήθην
1144 3574 1218 3655 ηρό-

216 3744 272 3787 νσν
303 3715 472 3795 ἀναζητῶν
504 3716 562 3791 τὴν
588 3712 694 3777 οἰκίαν
702 3760 712 3789 ,
736 3715 779 3785 ὠς
801 3715 1010 3797 συγγενοίμην
1037 3714 1127 3796 αὐτῇ
1148 3710 1216 3778 εἶτα

217 3842 420 3945 ἐντννχάνων
443 3860 485 3921 ἄν
508 3877 571 3918 τισι
595 3857 750 3938 τριβώνια
772 3856 1050 3942 περιβεβλημένοις
1071 3861 1125 3923 καί
1147 3862 1217 3921 πώ-

217 4024 321 4080 γωνας
352 4000 465 4081 βαθεῖς
499 3992 703 4074 καθειμένοις
735 3995 810 4079 παρ’
845 3998 943 4081 αὐτῆς
976 3998 1096 4081 ἐκείνης
1128 4000 1216 4078 ίμιειν

217 4146 406 4221 φάσκουσιν,
446 4140 586 4217 οῗόμενσς
620 4135 739 4203 sidicat
773 4138 889 4212 αὐτούς
921 4140 1102 4222 ἀνηρώτων
1130 4140 1161 4200 οί
1181 4136 1215 4199 δὲ

1063 4292 1086 4333 ὕ
