3142 5209
204 1152 315 1222 uuna
360 1152 518 1218 Juuretuu
561 1152 605 1217 ut
646 1152 871 1219 Pauusuruu
919 1153 961 1218 ltu
1006 1152 1051 1217 ou
1086 1153 1204 1219 CLARIS

267 1304 486 1371 PHuosorffls
509 1304 678 1372 aucturus
702 1307 739 1372 IN
763 1306 910 1373 suanus
934 1306 1139 1374 surandela

359 1457 488 1523 Futuro
518 1458 654 1523 ruerunt
683 1458 828 1525 runaut
851 1458 1051 1528 nruoulruu.

602 1739 805 1749 *nu-4«.—

250 1984 337 2051 Inter
370 1985 503 2074 scripta,
532 2008 611 2070 quae
635 1985 771 2051 omnium
791 1984 967 2049 criticorum
990 2006 1137 2050 consensu
1168 1985 1206 2049 ad

201 2128 372 2213 juvenilem
410 2127 540 2193 Luciani
567 2134 698 2193 aetatem
722 2127 917 2213 referuntur,
939 2128 1073 2215 primum
1104 2128 1206 2195 locum

203 2272 290 2330 tenet
320 2264 400 2332 liber
434 2267 471 2331 de
509 2268 687 2331 Saltutioue.
746 2266 804 2330 Est
845 2288 880 2330 ea
918 2266 1086 2354 disputatio
1124 2290 1206 2333 mere

204 2376 367 2488 sophistica
378 2453 387 2482 ‚
419 2401 537 2468 duabus
564 2426 601 2467 ex
623 2404 762 2490 partibus
785 2409 942 2483 constans,
968 2427 1098 2489 quarum
1109 2407 1206 2471 altera

207 2541 376 2627 (praefatio)
410 2543 503 2607 attico
543 2542 605 2609 sale
636 2542 790 2621 abundat,
819 2543 916 2607 altera
946 2544 1032 2629 (artis
1053 2546 1205 2631 pantomi-

203 2684 299 2749 micae
324 2684 472 2770 laudatio)
498 2685 606 2750 multis
626 2684 744 2749 mendis
770 2684 899 2749 laborat.
936 2684 986 2749 Ad
997 2684 1070 2752 libri
1085 2692 1207 2772 tempus

203 2826 372 2890 accuratius
392 2825 597 2891 definiendum
624 2832 706 2890 certa
729 2825 844 2892 indicia
871 2824 1091 2892 desiderantur.

246 2965 442 3051 Colloquitur
452 2967 497 3032 ibi
509 2967 645 3033 Lucrinus
657 2966 781 3052 qnidam
794 2990 864 3032 cum
871 2967 1011 3049 Crotone,
1028 2969 1206 3057 philosopho

203 3110 328 3194 cynico,
355 3112 480 3177 barbato
507 3134 599 3190 sene,
625 3111 679 3195 qui
705 3109 735 3174 ei
761 3132 909 3175 summam
931 3110 1100 3189 levitatem,
1113 3112 1205 3176 immo

201 3250 358 3316 lasciviam
389 3252 641 3339 exprobraverat,
666 3250 749 3336 quod
776 3250 971 3338 pantomimis
995 3250 1142 3335 gauderet
1153 3278 1163 3329 ;
1188 3276 1206 3315 a

202 3390 314 3475 quibus
343 3391 512 3478 opprobriis
535 3392 590 3457 ille
613 3392 658 3455 ita
681 3414 713 3456 se
737 3390 896 3471 defendit,
920 3399 958 3456 ut
980 3391 1130 3475 Cynicum
1156 3416 1203 3457 res

200 3530 288 3596 nulla
309 3532 542 3618 reprehensione
565 3531 690 3616 dignae,
708 3538 813 3595 eontra
828 3530 995 3595 laudandas
1006 3532 1119 3618 potine,
1132 3556 1204 3621 prae

203 3667 324 3733 inscitia
359 3689 480 3757 carpere
506 3669 646 3733 ostendat
660 3672 693 3755 ¹).
741 3668 875 3755 Cynicus
898 3691 991 3750 vero,
1013 3671 1097 3736 istud
1123 3672 1203 3738 nihil

201 3854 419 3865 ————----—---

241 4006 266 4067 1)
288 4004 346 4068 Cap.
368 4005 392 4054 1.
432 3995 485 4059 aod
516 3999 684 4081 συγγνώμη
716 4021 786 4077 σοι,
826 4002 853 4061 εἴ
875 3998 908 4075 ἐξ
926 3999 1022 4083 ἀρχῆς
1043 4001 1103 4083 βιῷ
1124 4001 1205 4083 αὐχ-

202 4099 288 4177 μηρῷ
310 4093 435 4173 rotato,
466 4099 519 4160 καὶ
540 4100 639 4177 μόνον
661 4100 696 4160 τὸ
726 4095 859 4180 σκληρὸν
884 4100 1011 4177 uyaeo'v
1034 4107 1203 4181 ἡγούμενος

203 4193 257 4258 ὑπ’
286 4194 428 4279 ἀπειρίας
450 4198 580 4277 αὐτῶν,
604 4199 794 4281 κατηγορίας
814 4198 892 4273 ἄξια
920 4192 1001 4265 εἶναι
1025 4204 1202 4279 aerumnae.
