3142 5209
685 522 728 582 49

203 760 439 838 προσαγορεύσει
466 752 661 831 πταίσματος
685 746 881 825 inscribitur,
906 752 1010 810 narrat
1033 746 1202 833 Epicurum

203 914 422 977 nonnunquam
445 888 608 955 formulam
629 890 789 968 ὑγιαίνειν
813 883 952 970 epistolis
972 886 1200 972 praeposuisseg

202 1039 257 1101 act
281 1037 314 1101 τί
338 1056 385 1099 σοι
408 1035 481 1106 τούς
506 1029 661 1103 παλαιους
685 1026 779 1107 λέγω,
802 1029 885 1093 ὅπου
909 1031 964 1092 καὶ
990 1027 1201 1115 Ἐπίκουρος,

201 1180 282 1260 ἀνὴρ
308 1180 394 1240 πάνυ
435 1170 552 1257 χαίρων
589 1174 633 1249 τῷ
658 1166 790 1250 ’χαίρειν
823 1168 877 1228 καὶ
908 1170 967 1245 τὴν
993 1165 1113 1249 ἡδονὴν
1140 1175 1200 1252 πρὸ

203 1324 356 1386 ἁπάντων
388 1318 573 1399 αἴροιίμενος
586 1359 596 1390 ,
632 1313 665 1375 ἐν
697 1315 768 1382 ταῖς
795 1305 1056 1391 σπουδαιοτέραις
1078 1312 1205 1375 ἐπιστο.

206 1458 277 1531 λαῖς
298 1490 338 1499 -
361 1458 418 1519 εἶσὶ
441 1452 476 1517 δὲ
499 1437 595 1517 αὗται
617 1447 725 1526 ὀλίγαι
749 1478 790 1489 --
812 1449 866 1509 καὶ
893 1449 927 1512 ἐν
949 1453 1022 1521 ταῖς
1044 1451 1120 1531 πρὸς
1131 1453 1203 1524 τούς

206 1582 376 1680 φιλτάτους
398 1592 534 1677 μάλιστα
558 1591 717 1669 ὑγιαίνειν
737 1588 834 1662 εὐθυς
855 1590 889 1652 ἐν
909 1588 991 1671 οίρχῇ
1006 1596 1206 1671 προστάττεις

207 1733 317 1797 Feteor
353 1727 495 1815 equidem
531 1747 580 1791 me
615 1747 678 1789 non
712 1722 835 1805 videre,
872 1722 1009 1809 quidex
1029 1724 1078 1789 liis
1107 1725 1208 1792 verbis

206 1871 245 1936 ad
289 1868 472 1935 senteutiam
509 1888 594 1931 suam
628 1861 776 1929 tuendam
814 1863 948 1928 effecerit
989 1864 1205 1947 Hermannus3

208 2012 312 2077 eodem
339 2012 408 2097 jura
434 2030 470 2074 ex
496 2008 550 2088 iis,
580 2028 658 2091 quae
688 2005 804 2071 ibidem
829 2005 993 2071 honorifice
1019 2006 1058 2071 de
1079 2008 1209 2075 Platone

209 2154 285 2237 (cap.
310 2152 344 2235 4)
368 2146 459 2213 etde
482 2146 654 2231 Pythagora
680 2146 756 2229 (cap.
784 2145 816 2228 5)
842 2142 996 2222 dicuntur,
1009 2144 1087 2210 effici
1102 2146 1208 2211 liceret

207 2308 278 2353 eum
304 2284 343 2350 ad
365 2285 473 2349 horum
497 2281 666 2347 doctrinam
688 2279 861 2345 inclinasse.

253 2426 458 2489 Αίυυυυιίιυυο
492 2420 696 2507 inspiciamus.
744 2418 859 2499 Liber,
896 2420 951 2503 qni
984 2421 1157 2486 Alexander
1183 2443 1207 2487 s.

210 2566 439 2631 Pseudomcata's
478 2561 675 2644 inscribitur,
698 2568 767 2649 post
791 2561 890 2627 Marci
914 2562 1066 2628 Antonini
1089 2563 1209 2631 obitum
1265 2583 1275 2611 ¹

209 2701 397 2787 conscriptus
432 2707 477 2766 est
489 2752 498 2783 ,
522 2708 558 2766 ut
582 2723 620 2765 ox
643 2723 708 2787 cap.
733 2704 777 2767 48
802 2706 886 2787 patet
898 2754 908 2785 ,
931 2701 986 2767 nbi
1009 2703 1092 2768 hunc
1113 2702 1209 2790 impe·

210 2848 338 2909 retorem
372 2848 449 2910 θεὸν
483 2841 641 2922 nominat,
667 2840 750 2925 quod
785 2862 897 2906 nomen
932 2842 1062 2907 mortuis
1088 2841 1212 2909 demum

209 2981 441 3070 imperatoribus
463 2982 560 3047 tribui
582 2981 707 3045 solitum
731 2986 816 3047 erat:
841 2979 925 3046 unde
947 2980 1077 3047 efficitur
1099 2983 1210 3049 Lucia·

210 3148 285 3190 num
313 3122 542 3208 sexagenarium
575 3121 638 3187 fere
671 3122 754 3186 hunc
783 3121 899 3187 librum
920 3121 1083 3209 scripsisse.
1129 3124 1212 3189 Celsi

211 3266 356 3353 Epicurei
401 3270 511 3349 rogatu
548 3263 646 3328 vitam
680 3260 824 3326 describit
858 3260 1047 3343 Alexandri,
1082 3263 1214 3331 hominis

211 3406 410 3475 versutissimi
432 3412 464 3470 et
486 3404 693 3485 fallacissimi,
719 3403 774 3488 qui
793 3404 923 3470 oraculis
940 3405 1065 3471 edendis
1076 3408 1213 3474 homines

211 3548 266 3613 diu
289 3547 458 3633 deceperat.
505 3543 714 3609 Alexandrum
736 3545 819 3609 hunc
841 3544 976 3631 Epicuro
999 3547 1126 3633 ejusque
1148 3571 1211 3614 sec·

210 3690 360 3755 tatoribus
381 3688 610 3755 infestissimum
634 3687 736 3768 luisse,
760 3709 815 3773 per
827 3693 928 3752 totum
944 3687 1057 3754 librum
1071 3690 1214 3774 pluribus

211 3831 312 3896 verbis
334 3835 563 3895 commemorat:
589 3824 644 3913 qui
667 3836 793 3914 rogatus
815 3830 992 3915 aliqnando,
1010 3831 1087 3915 quid
1099 3833 1211 3897 faceret

212 3972 364 4056 Epicurus
389 3971 423 4035 in
445 3971 534 4051 Orco,
560 3972 737 4057 respondit:
764 3975 979 4060 Μολυβδίνας
1005 3978 1087 4061 ἔχων
1111 3978 1212 4054 πέδας

214 4121 249 4183 ἐν
272 4120 414 4201 βορβόρῳ
447 4122 597 4198 κάθηται.
625 4116 702 4199 (cup.
727 4116 793 4199 25.)

1054 4232 1075 4295 4
