3142 5209
701 494 740 555 25

223 733 295 792 sunt
318 728 368 792 ¹ob
401 749 480 812 quae
513 726 546 791 in
569 726 633 810 hae.
647 732 767 791 nostrae
793 725 1016 811 disquisitionis
1039 734 1126 814 parte
1151 753 1224 817 prae

221 867 331 933 ceteris
367 864 471 952 magni
511 871 557 930 est
596 866 760 933 momenti:
797 866 931 953 primum
960 867 1043 933 enim
1073 868 1224 935 derebus

221 1003 364 1090 gravibus
401 1004 535 1091 graviter
569 1004 620 1069 hie
653 1003 793 1091 disputat
811 1003 968 1070 Lucienus
975 1031 985 1085 3
1010 1006 1142 1072 alterum
1163 1016 1223 1090 ost,

223 1141 306 1226 quod
323 1142 407 1208 brevi
426 1150 495 1231 post
514 1142 686 1209 studiorum
706 1144 772 1230 ejus
782 1144 1011 1210 conversionem
1021 1146 1072 1211 hie
1083 1146 1226 1234 dialogus

223 1290 268 1349 est
294 1284 457 1352 confectus.
503 1286 592 1369 Quae
615 1308 712 1371 quum
738 1285 782 1352 ita
796 1360 798 1365 ,
813 1293 904 1372 sunt,
928 1290 1108 1355 Hermotimi
1131 1312 1227 1377 argu-¹

221 1428 359 1490 mentum
382 1422 427 1489 ita
450 1430 644 1490 enarraturus
666 1448 750 1508 sum,
775 1433 894 1511 utque
916 1426 1086 1495 disserendi
1107 1428 1226 1495 ratione

221 1572 327 1630 contra
348 1566 597 1654 philosophorum
620 1572 716 1631 sectas
738 1590 813 1632 usus
836 1567 878 1632 sit
900 1575 1054 1655 appareat.

266 1706 403 1773 Lucinas
431 1707 658 1774 Hermotimum
688 1706 824 1774 Stoicum
855 1710 1087 1795 sexagenarium
1113 1721 1222 1799 rogat,

223 1856 257 1915 ut
280 1847 338 1916 sibi
360 1848 442 1914 viam
464 1848 503 1914 ad
529 1848 752 1937 philosophiam
771 1855 930 1917 monstret.
961 1849 1224 1937 Stoicusprimum

222 1987 351 2059 docendi
376 1995 478 2077 partes
504 1990 631 2077 suscipit
637 2012 742 2071 ‚mox
764 2011 857 2071 vero,
881 2012 979 2075 quum
999 1990 1138 2056 Lucinus
1158 1993 1224 2079 ejus

222 2130 354 2197 rationes
385 2139 417 2197 et
452 2138 632 2218 argumenta
654 2138 773 2219 premat
784 2182 794 2213 ‚
821 2132 961 2219 magistri
990 2156 1150 2220 personam
1171 2135 1223 2200 de-

223 2271 311 2360 ponit
333 2279 369 2338 ut
392 2270 541 2339 auditonis
574 2273 642 2339 vioe
678 2273 838 2359 iungatur.
885 2270 1022 2339 Lucinas
1048 2273 1093 2337 ita
1119 2273 1223 2362 dispu-

223 2412 370 2485 tationem
396 2410 553 2493 instituit,
585 2419 623 2480 ut
649 2413 682 2477 in
705 2434 810 2478 omues
832 2410 1083 2500 philosophorum
1108 2412 1224 2478 scholas

224 2576 289 2619 eam
311 2554 414 2619 valere
439 2560 570 2622 moneat.
590 2555 612 2639 ¹)

268 2695 406 2762 Primum
444 2718 481 2762 ex
512 2695 704 2763 Hermotimo
743 2696 881 2783 quaerit,
911 2696 1024 2782 quibus
1053 2696 1223 2763 rationibus

223 2832 350 2915 duetus,
383 2856 480 2921 quum
510 2834 718 2924 philosophari
742 2834 944 2917 instituisset,
969 2836 1102 2902 Stoicam
1122 2836 1222 2923 philo-

224 2974 359 3061 sophiam
394 2976 502 3041 eeteris
542 2975 786 3063 anteponendam
821 2974 954 3042 duxerit.
1015 2940 1225 3041 Hermotimus

226 3133 371 3197 magnum
393 3113 563 3179 Stoicorum
587 3136 767 3194 numerum,
791 3113 901 3179 bonam
927 3115 1038 3179 famam
1060 3114 1225 3199 quainter

226 3252 353 3331 ἰδιώτας
380 3252 546 3338 florebant,
569 3253 702 3342 corporis
724 3254 866 3320 habit-um
894 3259 925 3318 et
949 3252 1096 3318 vestitum
1114 3253 1222 3317 decen·

223 3398 286 3459 tem
308 3403 471 3478 memoret,
496 3394 649 3482 denique,
674 3419 770 3481 quum
789 3396 923 3461 firmiora
949 3400 1129 3479 argumenta
1155 3417 1223 3481 pro·

231 3642 456 3656 ——1-

261 3814 284 3876 l)
305 3815 363 3881 Cap,
383 3817 432 3868 85:
468 3806 553 3874 dite
574 3814 679 3886 κοινὸς
708 3814 760 3877 ἐπὶ
792 3817 917 3886 πάντας
939 3817 957 3877 o‘
979 3810 1079 3890 λόγος’
1103 3815 1142 3875 τὰ
1162 3816 1222 3895 γὰρ

226 3907 309 3971 αὐτὰ
341 3912 418 3989 πρὸς
452 3913 485 3974 σὲ
520 3905 611 3976 εἷπον
632 3914 676 3977 ἂν
689 3959 699 3989 ,
723 3914 751 3974 ei
772 3914 813 3976 τὰ
835 3910 1010 3987 Πλάτωνος
1031 3912 1224 3996 ἤἈριστο-

224 4006 335 4083 τέλους
368 4013 461 4095 ᾕρησο
493 4015 557 4078 τῶν
595 4009 705 4077 ἄλλων
736 4013 875 4091 ἀκρίτων
900 4018 1014 4096 ἐρήμην
1045 4014 1223 4092 καταγνούς

228 4134 257 4171 κ.
286 4133 313 4173 τ.
340 4106 369 4173 λ.
