3142 5209
257 1842 376 1928 Injnria
413 1842 606 1924 Bruckerns,
649 1839 839 1921 Planckius‚
876 1840 949 1925 alii,
982 1851 1098 1928 negant
1140 1868 1213 1911 vera

213 1980 277 2022 esse
308 1979 386 2042 quae
420 1957 458 2023 de
493 1918 736 2043 Peregrini
754 1962 853 2022 morte
874 1956 1030 2023 Lucienus
1051 1961 1212 2027 memoriae

211 2068 351 2136 tradidit.

688 2249 733 2317 11.

256 2413 357 2479 Nullo
383 2413 454 2499 jure
484 2411 619 2477 Ohlebus
651 2415 700 2498 (de
728 2414 863 2479 heduno
879 2416 1075 2499 philosopho,
1098 2441 1129 2504 p.
1155 2422 1211 2506 50)

212 2528 340 2611 statuit,
364 2527 537 2593 Lucienum
559 2526 722 2613 opinione,
748 2550 809 2612 qua
832 2528 928 2593 animi
951 2529 1213 2599 immortalitatem

210 2641 367 2727 rejiceret,
391 2640 436 2704 ita
457 2662 520 2704 esse
543 2651 650 2719 usum,
674 2646 711 2704 ut
730 2638 899 2705 libidinum
922 2639 1116 2712 dulcedinem
1140 2668 1213 2732 prae

212 2756 320 2821 ceteris
342 2755 483 2821 omnibus
508 2755 709 2841 expetendam
731 2777 796 2835 esse
823 2754 976 2823 statuerit.

686 2958 749 3025 ΙΙΙ.

257 3127 351 3191 Recte
373 3124 542 3190 Plauckius
560 3126 771 3210 (decoctiones
791 3127 980 3208 lasciuum,
999 3150 1031 3213 p.
1047 3129 1141 3213 191):
1159 3131 1214 3214 qui

211 3250 248 3310 ut
275 3244 436 3325 Niprc'acm
466 3242 511 3305 ita
538 3244 679 3327 Cynicum
699 3248 823 3328 propter
842 3250 1090 3326 argumentorum
1112 3246 1213 3329 gravi·

211 3364 307 3423 tatem
337 3380 353 3421 a
387 3357 526 3422 Lucieno
562 3358 709 3442 scriptum
738 3364 867 3441 negant,
903 3364 941 3423 ut
971 3358 1114 3441 Solanus,
1139 3360 1213 3440 alii,

210 3476 319 3560 panum
340 3473 415 3537 mihi
438 3472 584 3537 videntur
611 3472 743 3537 Luciani
768 3473 929 3559 ingenium
952 3475 1171 3562 perspexisset

687 3654 745 3720 IV.

257 3815 342 3881 Male
365 3815 447 3881 idem
472 3816 542 3903 (1.1.
561 3839 591 3903 p.
610 3817 686 3901 10),
720 3839 818 3900 quum
853 3817 992 3882 coneedit
1026 3816 1061 3882 in
1082 3817 1212 3901 libello,

212 3932 267 4018 qui
289 3934 459 4015 Astroloyio
480 3932 670 3997 inscribitur.
696 3939 728 3995 et
751 3932 872 4017 ingenii
894 3933 991 3997 aciem
1014 3938 1046 3997 et
1068 3934 1213 3999 sermonis

211 4050 450 4115 concinnitatem
473 4048 658 4130 desiderari,
683 4070 754 4113 eum
776 4055 880 4113 tamen
902 4072 920 4112 a
941 4048 1078 4114 Lucieno
1097 4050 1213 4135 juvene

212 4164 305 4229 illum
332 4164 478 4249 scriptum
509 4186 573 4227 esse
601 4161 712 4227 statuit
734 4161 792 4225 hoo
814 4183 888 4225 usus
914 4168 1111 4245 argumento:
1141 4163 1212 4240 ..Ut
