3142 5209
739 518 758 579 3

237 744 304 809 Neo
326 744 489 811 immerito.
526 742 721 830 Quicumque
746 744 828 810 enim
839 745 969 811 huoiani
981 746 1141 831 ingenium
1153 745 1237 812 omni

239 889 385 969 exparte
409 890 640 969 cognoscereet
663 890 746 949 recte
769 883 928 949 aestimare
940 885 1074 968 velit,is
1085 884 1145 951 nisi
1161 884 1238 971 quid

237 1023 276 1089 de
301 1022 492 1111 philosophia
526 1025 582 1090 ille
619 986 748 1089 senserit
777 1023 856 1089 bene
892 1025 1052 1111 cognitum
1075 1027 1239 1110 habeat,a

238 1186 328 1251 scopo
365 1163 525 1231 aberrabit.
572 1163 770 1251 Philosophia
809 1163 891 1230 enim
928 1174 993 1231 erat
1026 1168 1094 1233 fons
1117 1190 1155 1233 ex
1177 1190 1238 1253 quo

238 1302 376 1371 homines
395 1304 526 1387 eruditi,
544 1304 599 1390 qui
614 1306 795 1392 popularem
805 1304 988 1391 religionem
998 1313 1237 1392 contemnerent,

239 1440 316 1527 quid
338 1440 377 1507 de
402 1442 510 1509 mundi
534 1450 668 1509 creatore
691 1452 723 1509 et
747 1445 968 1530 gubernatore,
992 1446 1068 1531 quid
1094 1444 1238 1511 deanimi

240 1583 481 1649 immortalitate
496 1590 574 1649 esset
597 1584 794 1650 statuendum
817 1584 985 1653 discebant.

284 1723 356 1791 Jam
388 1746 460 1791 vero
489 1723 560 1809 quis
585 1746 647 1788 non
672 1710 829 1811 agnoscit,
858 1748 950 1811 quam
972 1727 1104 1811 quisque
1129 1727 1239 1793 habeat

241 1866 279 1932 de
302 1868 393 1934 rebus
415 1865 530 1933 divinis
553 1866 754 1951 sententiam,
782 1891 850 1935 eam
870 1876 935 1934 tam
954 1867 988 1934 in
1000 1869 1090 1934 rebus
1100 1870 1241 1936 humanis

241 2007 436 2075 aestimandis
458 2030 550 2093 quam
572 2007 606 2073 in
626 2007 833 2094 dijudicandis
855 2008 930 2095 ipsis
944 2007 1118 2075 hominibus
1130 2007 1241 2074 summi

241 2172 305 2215 esse
326 2149 499 2216 momenti?
544 2148 613 2215 Nec
637 2148 801 2233 quisquam
820 2155 903 2213 certe
926 2149 985 2213 erit
1009 2148 1064 2233 qui
1087 2170 1150 2213 non
1172 2169 1241 2235 per·

241 2290 368 2377 spiciat,
403 2289 475 2354 inde
498 2311 618 2355 omnem
643 2287 682 2353 de
711 2288 824 2354 finibus
849 2291 999 2355 bonorum
1028 2296 1060 2353 et
1092 2289 1242 2354 malorum

242 2431 452 2516 quaestionem
476 2429 619 2517 pendere.

286 2571 334 2636 De
356 2572 423 2636 hao'
435 2576 539 2636 antem
564 2593 598 2636 re
618 2572 682 2657 jam
702 2569 820 2657 pridem
832 2568 945 2635 mirum
960 2577 1111 2655 quantum
1126 2569 1241 2635 dissen-

242 2710 328 2777 tiunt
350 2708 514 2777 viridocti.
543 2708 610 2774 Alii
622 2710 655 2774 in
667 2708 888 2795 Epicureorum
901 2730 1026 2794 gregem
1037 2731 1109 2775 eum
1119 2710 1244 2796 rejicere

242 2874 305 2917 non
342 2850 486 2917 dubitant
497 2901 506 2932 ,
535 2852 560 2936 ¹)
600 2852 656 2917 alii
689 2853 881 2936 Electicum,
909 2856 935 2939 2)
976 2855 1031 2919 alii
1068 2854 1243 2942 Sceptieum

243 2988 335 3055 luisse
350 2987 375 3074 ³)
400 2995 581 3054 asseverant.
615 2989 745 3055 Photius
768 2991 811 3056 sio
832 2991 871 3057 de
882 2992 939 3057 illo
948 2992 1085 3078 judicat:
1102 2999 1160 3069 τὰς
1184 2996 1244 3078 γὰρ

244 3239 523 3248 -...-—.-.

283 3402 307 3464 1)
327 3402 356 3453 G.
385 3402 410 3452 J.
439 3402 539 3453 Vossius
568 3402 597 3451 de
624 3402 683 3452 hist.
708 3416 787 3466 graec.
812 3402 863 3452 litt.
883 3400 920 3450 ΙΙ.
940 3401 982 3452 15.
1018 3400 1161 3450 Tillomont.
1180 3399 1248 3449 Hist.

220 3508 269 3563 ld.
287 3512 359 3577 hlmp.
379 3511 407 3563 Τ.
430 3511 470 3563 11.
491 3513 555 3577 part.
575 3511 599 3562 2.
620 3527 646 3576 p.
666 3509 814 3564 701-710.

282 3620 307 3683 2)
327 3620 444 3671 Brroher.
474 3620 542 3671 Hist.
576 3618 640 3669 erit.
673 3618 733 3684 phil.
764 3618 793 3668 Τ.
813 3618 852 3667 11.
873 3634 898 3683 p.
918 3618 968 3667 615
993 3632 1030 3681 sq.
1052 3617 1169 3667 Tiamann
1189 3617 1249 3667 iiber

247 3723 351 3773 Lucians
370 3722 492 3775 Schriften
511 3722 563 3773 und
581 3697 746 3788 Philosophia
766 3724 792 3773 S.
814 3721 855 3775 57.

283 3832 309 3894 3)
327 3832 356 3882 F.
388 3832 418 3883 11.
447 3831 538 3882 Reitzii
565 3830 663 3895 Sylloge
692 3829 721 3879 dc
747 3830 842 3891 astato,
871 3828 922 3879 vito
953 3828 1098 3895 scriptisque
1127 3827 1247 3890 Luciani,

248 3957 273 4006 p.
301 3940 365 3990 LXX
397 3939 519 4006 (oporibus
544 3954 558 3988 a
588 3938 727 3989 Lehmannc
757 3936 998 4002 praefixalvnnam
1019 3936 1158 4002 Scepticum
1178 3935 1251 3985 fuisso

251 4045 386 4105 Nostrum,
412 4045 471 4096 satis
498 4044 597 4111 prodit,
632 4046 764 4107 utcumque
797 4043 919 4110 Sceptioos
939 4042 1000 4093 belle
1020 4043 1132 4093 traducat
1150 4041 1178 4091 in
1203 4039 1253 4092 Vir.

251 4151 324 4201 Auel.
342 4166 365 4201 c.
384 4150 449 4204 2?st
473 4150 556 4201 Jacob.
579 4150 596 4201 l.
618 4150 635 4201 l.
653 4166 678 4216 p.
700 4150 742 4200 85.

1097 4291 1119 4334 11·
