3142 5209
824 525 871 586 36

348 754 429 821 nato
479 753 602 836 μᾶλλον
637 757 709 835 ἐμοῦ
751 753 941 831 ἀγνοοῦντες
987 756 1008 833 ἤ
1051 747 1119 815 οὐδ’
1157 748 1238 825 ὅλως
1272 751 1354 815 οἷπε-

349 893 495 973 αρίνοντό
527 916 601 974 μοι,
638 894 681 965 ὠς
699 894 742 972 μὴ
768 886 948 974 ἔλεγχνίντο
969 888 1026 953 οὐκ
1049 886 1186 967 aldtus,
1209 894 1230 971 ἤ
1250 886 1354 969 ἄλλον

350 1042 455 1118 θύραν
476 1034 547 1101 (ἐντ’
568 1032 668 1117 ἄλλος
688 1031 912 1100 ἀπεδείκνυον.
935 1030 1061 1097 οὐδέπω
1081 1037 1159 1110 νοῦν
1184 1032 1238 1095 καί
1260 1036 1355 1112 τήμε-

347 1202 406 1259 ρον
429 1180 565 1261 ἐξευρεῖν
591 1179 762 1263 δεδυνημαι
787 1177 848 1261 τ’ὴν
873 1177 991 1245 οἰκίαν.
1015 1204 1045 1243 ν.
1067 1202 1097 1243 τ.
1121 1175 1151 1241 λ.
1175 1183 1198 1257 ¹)
1245 1165 1248 1169 ’

397 1316 473 1380 Mox
496 1323 598 1380 tamon
621 1315 723 1403 prodit
745 1314 952 1401 Philosophia,
978 1336 1071 1399 quam
1089 1314 1209 1395 Virtus,
1224 1314 1355 1399 Tempe·

352 1456 461 1535 rantia,
487 1454 634 1535 Justitia,
658 1454 803 1519 Eruditio
813 1505 823 1536 ,
847 1461 999 1541 postremo
1021 1454 1144 1518 Veritas
1163 1474 1353 1539 prosequun-

351 1604 415 1663 tur.
439 1597 581 1682 Ingenua
604 1596 759 1663 Lucienus
778 1597 895 1662 latetur
915 1619 947 1662 se
959 1598 1130 1663 Veritatem
1143 1619 1205 1661 non
1221 1616 1354 1677 cernere,

312 1760 316 1769 ·
354 1759 449 1821 quam
470 1737 631 1802 obscurius
653 1735 698 1801 ita
720 1736 911 1802 indicaverat
936 1736 1201 1823 Philosophiam}
1230 1738 1355 1820 οἰμυδρὰ

353 1878 391 1944 δὲ
413 1882 493 1963 αὕτη
514 1882 568 1944 καὶ
587 1880 711 1960 ἀσαφὴς
732 1881 768 1942 τὸ
791 1882 899 1965 χρῶμα
919 1885 941 1962 η’
958 1877 1123 1961 Ἀλήθειά
1136 1883 1233 1945 ἔστιν.
1256 1876 1358 1942 Novis

354 2016 452 2103 igitur
473 2016 597 2082 indiciis
620 2016 793 2081 Veritatem
821 2016 959 2082 Luciano
982 2016 1118 2082 ostendit
1143 2016 1356 2103 Philosophia:

354 2162 415 2240 τὴν
436 2158 681 2226 attollebantur
704 2160 830 2242 ἐκείνην
852 2159 910 2244 οὐχ
934 2161 1029 2241 ὁρᾷς,
1051 2162 1111 2239 τὴν
1131 2162 1276 2240 γυμνὴν,
1297 2164 1357 2240 τὴν

353 2304 594 2383 ὑποφεύγουσαν
614 2303 664 2367 αἐὶ
687 2305 741 2368 καὶ
765 2275 1190 2372 teotaaeaaovoafsuandam
1203 2298 1258 2364 vix
1271 2297 1358 2364 illam

353 2438 507 2523 agnoscit:
530 2443 613 2523 ‘Ocri
636 2447 695 2510 νῦν
714 2446 820 2525 μόγις.

400 2580 448 2644 Ex
490 2581 538 2646 his
557 2580 659 2647 dictis
693 2605 763 2648 oum
801 2583 984 2648 Hermotimo
1007 2580 1127 2647 collatis
1150 2580 1246 2646 efficio
1258 2632 1268 2663 ,
1292 2580 1357 2646 Lu·

355 2721 478 2788 ciarum
508 2723 629 2789 nullam
654 2704 794 2810 probasse
817 2723 1056 2810 philosophiam,
1082 2722 1144 2787 imo
1170 2723 1208 2787 de
1230 2724 1360 2788 veritate

356 2864 542 2931 invenienda
566 2866 747 2953 desperasse.
795 2867 875 2931 Sunt
902 2866 956 2950 qui
981 2888 1018 2929 ex
1042 2888 1107 2952 cap.
1127 2870 1145 2929 6
1163 2871 1194 2930 et
1219 2869 1260 2930 30
1286 2887 1359 2929 oon·

356 3003 486 3070 trarium
510 3006 669 3087 affirmant,
693 3026 825 3089 quorum
848 3005 1030 3070 sententiam
1044 3006 1185 3070 refellere
1199 3004 1361 3069 instituam

358 3139 392 3205 in
426 3163 461 3207 ea
492 3140 709 3229 disputationis
741 3151 846 3229 parte,
880 3166 940 3228 qua
951 3194 961 3225 ,
994 3144 1117 3229 qualem
1138 3142 1361 3232 philosophiam

358 3282 531 3349 laudaverit
554 3240 731 3365 Lucienus,
763 3290 941 3372 exponetur.

403 3424 530 3490 Nullibi
552 3447 625 3490 vero
647 3432 712 3491 tam
733 3433 838 3514 aperte
861 3424 967 3491 odium
987 3425 1020 3489 in
1044 3424 1268 3513 philosophiam
1290 3446 1360 3512 pro·

359 3567 455 3632 lessus
489 3574 535 3632 est
568 3590 660 3653 quam
683 3568 718 3632 in
748 3568 891 3655 dialogo,
919 3569 974 3654 qni
1008 3571 1225 3656 Necyomantia
1254 3569 1363 3634 inscri-

359 3680 1362 3796 mmmmmfflfflmmms

363 3923 622 3935 Μ

399 4046 424 4107 1)
444 4045 504 4110 Cap.
524 4048 566 4097 ll.

398 4153 423 4215 2)
443 4153 502 4217 (lap.
524 4154 566 4203 16.
