3142 5209
788 527 829 589 54

314 764 368 829 uui
397 760 627 842 συμφορώτατα
659 758 913 838 παραινοῦντας,
940 753 1035 827 εἴτις
1055 758 1096 836 μὴ
1117 755 1313 837 παραβαίνοι

313 904 395 969 αὐτὰ
431 898 509 984 μηδὲ
548 887 771 976 διολισθάνοι,
809 893 882 961 ἀλλ’
915 894 1025 968 οἰτενές
1055 893 1251 978 ἀποβλέπων
1284 898 1315 969 ἐς

312 1044 386 1117 roric
411 1044 551 1115 κανόνας
570 1040 625 1113 οὕς
643 1039 894 1119 προτεθείκατε,
916 1036 996 1130 πρὸς
1013 1041 1143 1108 τοιλτοος
1166 1034 1314 1116 ρνθμίζοι

314 1184 368 1247 καὶ
388 1182 568 1249 α’πενθιλνοι
587 1182 643 1245 τὸν
667 1182 780 1243 ἑαυτοῦ
804 1178 889 1261 βίον,
913 1175 989 1258 ὅπερ
1015 1180 1053 1255 νὴ
1081 1175 1146 1239 Δία
1171 1177 1225 1238 καὶ
1249 1178 1313 1243 τῶν

314 1318 391 1386 καθ’
416 1326 498 1403 ἡμᾶς
519 1319 635 1393 αὐτοῦς
657 1314 759 1396 ὀλίγον
780 1322 936 1380 ποιοῦσιν.
955 1312 980 1389 ¹)

359 1452 438 1537 Quis
461 1459 507 1518 est
530 1452 574 1517 ita
597 1472 712 1530 caecus,
727 1448 856 1535 quinon
872 1447 977 1513 videat
989 1447 1036 1512 his
1053 1447 1165 1529 verbis,
1178 1471 1240 1513 non
1252 1448 1318 1513 sine

316 1594 381 1660 leni
396 1593 546 1659 derisione
561 1590 811 1679 philosophorum
825 1590 951 1655 illorum
967 1589 1022 1674 qui
1038 1589 1129 1654 aliter
1140 1590 1334 1675 loquantum*

317 1736 408 1801 aliter
430 1733 547 1816 vivant,
571 1732 690 1798 landari
714 1754 780 1797 eam
803 1731 1014 1819 philosophiae
1035 1739 1154 1819 partem
1178 1755 1256 1818 qnae
1280 1732 1319 1798 ad

316 1876 399 1936 reete
420 1869 571 1955 beateque
593 1867 762 1934 vivendum
784 1867 946 1955 pertinet?
977 1866 1133 1933 Lucienus
1157 1867 1240 1932 enim
1260 1867 1318 1933 etsi

317 2006 565 2096 philosophorum
602 2007 716 2094 placito
751 2005 790 2071 de
824 2005 933 2072 mundi
967 2006 1128 2095 principiis
1168 2006 1321 2092 rebusque

320 2145 436 2212 divinis
459 2146 551 2213 nihili
582 2147 713 2229 faceret,
737 2154 841 2213 tamen
860 2169 916 2212 nec
942 2146 1079 2213 studium
1104 2148 1230 2214 illorum
1256 2151 1322 2215 veri

321 2286 501 2352 inveniendi
524 2286 708 2374 improbavit
731 2294 763 2353 et
785 2294 945 2375 praecepta
967 2289 1093 2380 moralia
1108 2289 1183 2354 satis
1196 2289 1322 2355 laudare

320 2449 383 2492 non
405 2426 518 2513 potnit.
566 2427 605 2493 In
634 2426 766 2513 dialogo,
791 2428 846 2513 qui
868 2429 927 2493 Bia
949 2437 1107 2495 accusatos
1129 2429 1320 2512 inscribitur,

320 2563 461 2629 Platonis
484 2564 597 2650 placita
620 2564 658 2630 de
681 2565 772 2632 rebus
791 2568 1005 2656 metaphysicis
1026 2571 1145 2655 procaci
1167 2570 1232 2636 risu
1253 2594 1321 2657 per·

321 2702 461 2788 sequitur
473 2700 518 2788 ²),
542 2703 600 2768 etsi
626 2703 713 2770 brevi
735 2713 809 2770 ante
831 2704 912 2771 dixit
934 2728 967 2771 se
991 2704 1139 2773 derelicta
1161 2709 1324 2775 Rhetorica

319 2842 354 2909 in
376 2842 571 2924 Academiam
593 2852 648 2911 aut
671 2844 705 2911 in
727 2846 865 2933 Lyceum
888 2846 970 2912 velle
992 2847 1075 2913 abire
1090 2842 1128 2934 ³).
1175 2848 1263 2915 Idem
1285 2852 1324 2918 de

298 2981 493 3070 .Pythagora
522 2982 641 3051 dictum
670 2985 751 3053 volo.
794 2987 1017 3074 Pythagoream
1039 2989 1121 3054 enim
1142 2996 1323 3078 metempsy-

320 3123 423 3189 chosin
460 3130 492 3189 et
522 3147 664 3193 numeros
697 3127 871 3215 saepissime
906 3130 1006 3196 multo
1039 3131 1102 3197 sale
1125 3129 1270 3200 defricuit
1282 3135 1307 3221 ⁴)
1314 3164 1325 3216 3

319 3358 538 3371 m*

357 3522 382 3583 1)
403 3520 504 3574 Planclr,
521 3522 539 3573 1.
556 3522 574 3573 1.
593 3539 617 3589 p.
637 3524 688 3587 la,
707 3525 750 3579 25.

360 3630 385 3691 2)
406 3630 454 3679 Bis
472 3631 529 3681 Aeo.
548 3646 599 3698 cap.
619 3632 661 3684 ³4.

357 3746 383 3808 8)
403 3746 451 3797 Bis
471 3746 599 3816 Acccap.
617 3748 667 3803 ³22
705 3746 737 3819 ἐς
762 3742 804 3809 di
837 3750 896 3828 τὴν
928 3745 1138 3831 Ἀκαδήμιαν
1169 3757 1191 3834 ἤ
1222 3755 1254 3827 ἐς
1290 3757 1326 3818 τὸ

321 3842 458 3903 Λιλκειον
482 3836 623 3906 ἐλθόντα
645 3846 692 3927 τῷ
712 3841 867 3930 βελτίστῳ
891 3852 995 3931 τούτῳ
1015 3848 1165 3933 Διαλόγῳ
1176 3874 1327 3936 συμπερι-

321 3942 449 4016 πατεῖν,
493 3936 594 4020 ἠρέμα
635 3940 961 4027 οννδιαλενομένονς,
993 3950 1060 4013 τῶν
1098 3950 1240 4017 ἐπαίνων
1273 3954 1328 4015 καὶ

322 4040 442 4116 κρότων
464 4038 500 4102 οὐ
522 4036 700 4121 δεομένους·

354 4158 381 4219 4)
406 4157 455 4209 Vit.
474 4160 549 4219 Aust.
567 4161 666 4215 Gallos.
