3142 5209
818 482 860 542 32

340 706 431 791 eipua
459 705 493 770 id
532 705 629 791 egisse
666 713 702 771 ut
729 713 826 773 sectas
852 708 1101 795 philosophorum
1127 710 1288 777 vellicaret
1309 720 1341 778 et

339 849 558 914 demonstraret
592 847 675 913 vitae
710 846 844 935 spatium
877 870 940 914 non
975 848 1129 931 suffioere,
1165 858 1203 920 ut
1235 874 1272 917 ex
1293 859 1342 918 tot

339 988 487 1053 doctrinis
523 1010 595 1053 vera
627 986 703 1073 eligi
727 988 842 1074 possit,
865 988 910 1054 ita
931 990 1129 1056 manifestum
1154 1014 1218 1057 esse
1245 998 1341 1081 puto,

340 1130 519 1217 scriptorem
541 1130 576 1195 in
597 1129 709 1197 ultima
732 1129 849 1215 dialogi
869 1137 956 1219 porte
980 1153 1072 1216 quarn
1085 1132 1209 1199 inanem
1221 1156 1342 1199 omnem

340 1272 563 1360 philosophiam
600 1270 725 1336 duceret
758 1277 863 1358 aperte
895 1269 1090 1355 signifioasse.
1136 1272 1243 1357 Negat
1268 1273 1340 1338 Tal-

339 1413 455 1495 hotius,
469 1417 492 1500 ¹)
518 1413 572 1499 qui
593 1413 782 1479 Ecleotioum
803 1412 896 1480 illum
918 1414 1012 1481 fuisse
1034 1414 1128 1481 efficit
1150 1438 1188 1481 ex
1202 1439 1267 1505 esp.
1286 1418 1340 1497 52,

341 1556 395 1622 obi
444 1555 583 1621 Lucinas
619 1561 713 1641 negat
745 1577 777 1619 se
811 1553 924 1621 dixisse
962 1556 1001 1621 de
1032 1556 1116 1622 omni
1151 1557 1344 1647 philosophie

341 1691 562 1780 desperandam
585 1714 665 1773 esse,
690 1697 722 1757 et
749 1714 788 1757 ex
810 1715 875 1779 cap.
902 1695 963 1773 64,
986 1691 1042 1757 ubi
1061 1700 1164 1758 monet
1191 1694 1341 1761 addiver·

341 1856 388 1897 sas
421 1831 597 1918 disciplinas
634 1829 716 1895 inter
754 1853 786 1896 se
823 1830 1034 1917 dijudicandas
1063 1855 1131 1899 aare
1170 1842 1202 1899 et
1226 1834 1341 1904 subtile

341 1974 502 2059 ingenium
524 1975 640 2061 requiri
647 2001 657 2056 3
681 1973 791 2040 sedin
813 1995 954 2055 errorem,
978 1980 1016 2039 ut
1037 1973 1114 2040 mihi
1138 1974 1272 2059 videtur,
1296 1984 1342 2042 est

341 2114 488 2182 inductus
511 2138 546 2181 eo
570 2115 653 2201 quod
673 2137 734 2180 non
750 2114 824 2179 satis
846 2113 990 2195 attendit,
1006 2113 1161 2180 Lucinum
1176 2116 1224 2183 his
1239 2116 1341 2184 verbis

342 2256 391 2321 uti
417 2256 451 2321 in
476 2278 511 2322 ea
534 2254 751 2344 disputationis
777 2261 882 2344 parte,
907 2277 969 2340 qua
990 2276 1069 2340 quae
1091 2255 1287 2341 postulentur
1309 2253 1342 2319 in

343 2420 397 2479 eo,
422 2396 477 2482 qui
514 2418 616 2463 veram
654 2395 880 2484 philosophiam
905 2394 1047 2461 invenire
1072 2396 1262 2485 propositum
1284 2397 1343 2463 sihi

342 2538 468 2621 habeat,
504 2536 647 2605 declarat.
693 2536 732 2601 In
768 2536 809 2602 iis
843 2537 925 2603 enim
953 2560 1032 2624 quae
1070 2537 1182 2605 deinde
1207 2538 1345 2626 disputet

344 2676 481 2743 Lueinus
503 2677 708 2743 demonstrare
726 2675 925 2761 aggreditur,
947 2677 1013 2743 fieri
1031 2701 1118 2767 posse
1140 2683 1178 2743 ut
1191 2700 1263 2743 vera
1274 2676 1342 2767 phi·

344 2816 481 2905 losophia
492 2816 629 2883 nondum
641 2816 682 2882 sit
693 2817 821 2885 inventa
836 2825 868 2884 et
879 2819 1071 2885 Hermotimo
1086 2817 1200 2885 iterum
1210 2818 1343 2906 roganti,

345 2964 450 3024 utrum
492 2958 530 3024 de
563 2959 755 3047 philosophia
790 2959 1012 3049 desperandum
1051 2960 1093 3025 sit
1127 2981 1239 3041 neone,
1262 2957 1344 3024 nihil

345 3100 507 3191 respondet
532 3101 609 3190 (cap.
632 3102 700 3186 67).
747 3100 849 3169 Nemo
870 3109 991 3185 autem,
1014 3099 1134 3188 opinor,
1158 3100 1193 3167 iu
1211 3098 1345 3182 Talhotii

341 3336 621 3347 m--

384 3495 408 3557 1)
429 3493 536 3544 Oeuvres
562 3491 693 3560 eomplhtes
717 3494 746 3544 de
763 3494 855 3544 Lnoien
872 3493 901 3544 de
918 3495 1061 3555 samosate,
1077 3493 1218 3546 tredumion
1234 3496 1346 3547 nouvelle

307 3632 315 3637 -
346 3616 391 3666 per
407 3596 506 3664 Euglne
521 3598 619 3650 Talbot.
635 3600 705 3650 Paris
722 3598 779 3649 cher
797 3561 967 3651 L.¹Heche'tte
983 3602 1009 3649 et
1026 3597 1061 3650 (2⁰
1079 3600 1157 3653 1857.
1175 3600 1347 3651 Introduction

347 3712 372 3759 et
390 3710 477 3760 Notiee
494 3725 518 3774 p.
528 3710 594 3760 VII:
616 3710 658 3770 „Si
672 3708 699 3773 je
716 3724 747 3759 ne
763 3707 872 3759 m’ehnse
889 3708 971 3760 rarle
990 3725 1045 3760 aens
1054 3707 1113 3759 d’nn
1122 3726 1221 3775 passage
1229 3710 1263 3760 du
1272 3707 1346 3760 treitd

349 3813 471 3875 „intitole
487 3815 670 3875 Hermotimus,
688 3814 707 3864 il
724 3830 762 3865 me
779 3812 870 3864 semble
888 3830 935 3879 que
955 3813 1055 3876 Lucien,
1071 3812 1124 3863 loin
1140 3811 1170 3862 de
1178 3829 1203 3863 se
1212 3812 1347 3863 renfermer

349 3922 431 3977 ndens
447 3924 471 3973 le
489 3924 639 3988 seeptleisme
656 3922 767 3983 exclusis,
786 3922 850 3987 qn’il
866 3925 903 3973 est
920 3922 948 3973 de
966 3920 1084 3971 tradition
1102 3920 1131 3969 de
1147 3919 1185 3969 lui
1201 3917 1347 3985 reprocher‚

349 4025 468 4083 ‚declaro
491 4044 548 4078 eveo
569 4043 616 4078 une
633 4025 749 4079 sine6rite‘
766 4028 888 4095 perleite,
905 4027 967 4093 qo’il
984 4029 1022 4077 est
1038 4024 1212 4077 s6rieoeement
1227 4041 1259 4076 en
1276 4023 1347 4089 quite

348 4170 361 4197 ,¹
373 4136 402 4185 de
418 4135 442 4185 le
459 4133 540 4187 etrite‘
558 4134 767 4201 philosophique!
