3142 5209
702 527 743 591 17

214 748 432 836 disputationis
461 774 558 818 nexus
589 753 738 840 ejusmodi
765 753 983 842 digressionem
1013 760 1150 847 requirat
1181 769 1213 828 et

214 888 293 955 serio
330 891 461 976 loquens
494 891 571 957 talia
606 892 645 958 dc
675 894 885 982 philosophiae
914 907 1044 985 parente
1070 902 1214 986 affirmet,

214 1050 270 1116 pro
304 1036 386 1096 certo
424 1036 559 1096 statuere
581 1030 678 1096 audeo
693 1031 799 1097 ‘illum
829 1054 867 1098 ex
888 1034 999 1101 intima
1027 1038 1123 1105 animi
1148 1064 1215 1129 per·

215 1168 354 1235 suasione
376 1170 545 1252 Socratem,
573 1177 610 1237 ut
634 1171 689 1257 qui
714 1179 756 1241 τὰ
779 1174 864 1241 καλὰ
887 1174 921 1241 in
950 1199 1003 1243 ore
1028 1180 1154 1249 haberet
1176 1183 1216 1249 ad

215 1310 375 1378 obscoenos
392 1333 508 1377 amores
527 1313 691 1399 tegendos,
713 1313 822 1382 odisse.
857 1315 952 1383 Haud
971 1317 1063 1385 facile
1084 1320 1218 1409 cuipiam

85 1536 87 1543 Α
215 1450 374 1538 continget
407 1458 444 1517 ut
482 1453 539 1518 hac
562 1452 600 1517 in
633 1476 667 1520 re
704 1452 842 1520 levitatis
876 1452 992 1523 crimen
1026 1482 1045 1523 a
1078 1459 1216 1529 Lucieno

216 1600 354 1660 amoveat
361 1619 371 1674 3
395 1592 476 1659 illud
504 1605 606 1659 tamen
630 1616 753 1660 monere
774 1595 881 1677 lubet,
907 1601 939 1661 et
961 1598 1095 1665 Socratis
1117 1607 1218 1668 aetate

146 1812 151 1821 ¹
218 1740 249 1800 et
282 1740 386 1823 postea
416 1757 478 1801 non
506 1734 652 1817 defuisse,
682 1734 738 1820 qui
773 1736 876 1802 minus
905 1737 1066 1823 magnifice
1096 1738 1135 1805 de
1160 1740 1219 1807 illo

125 1948 128 1956 ,
214 1872 398 1959 judicarent.
443 1872 549 1939 Cicero
583 1872 621 1937 de
652 1873 727 1938 Nat.
757 1872 849 1939 Dcor.
876 1874 915 1954 1,
947 1895 1014 1963 cap.
1029 1878 1105 1956 dl,
1136 1875 1219 1943 idem

217 2010 299 2077 illud
337 2011 375 2076 de
407 2011 527 2077 Zenone
560 2010 722 2091 affirmat,
746 2010 802 2095 qui
836 1970 907 2075 non?
929 2033 980 2076 eos
1013 2013 1129 2096 solum,
1163 2016 1219 2101 qui

218 2160 286 2219 tum
308 2158 414 2233 erant,
438 2151 651 2241 philosophos,
675 2150 918 2238 Apollodorum,
942 2152 1082 2239 Syllum,
1106 2160 1222 2221 ceteros

218 2292 331 2379 figebat
353 2290 540 2372 maledictis,
564 2289 617 2357 sed
638 2290 922 2380 Socratem'ipsnrn,
945 2298 1104 2379 parentem
1118 2294 1219 2381 philo·

218 2432 362 2521 sophiae,
394 2432 507 2499 Latino
540 2432 633 2498 verbo
671 2439 779 2514 utens,
808 2456 942 2500 scurram
964 2434 1106 2502 Atticum
1127 2436 1220 2503 fuisse

217 2572 346 2640 dicebat.

262 2714 399 2781 Eandem
433 2710 674 2781 criminationem
708 2715 822 2781 iterum
855 2711 1025 2802 reperimus
1056 2718 1091 2782 in
1121 2716 1219 2798 libro,

219 2856 270 2925 cui
296 2856 410 2923 titulus
433 2863 479 2921 est
501 2843 635 2938 Asachae,
659 2878 725 2943 cap,
751 2858 808 2937 23,
826 2859 868 2921 24
885 2862 916 2922 et
931 2860 992 2941 48,
1017 2858 1071 2924 ubi
1086 2858 1222 2924 &crates

221 3005 251 3065 et
274 2997 364 3064 Plato
386 3002 423 3061 ut
438 2994 644 3082 paederastiae
660 2994 833 3062 laudatores
849 3004 1018 3085 carpuntur
1040 3022 1059 3063 a
1072 2998 1222 3084 Chariclo,

220 3145 325 3205 contra
354 3136 498 3203 laudibus
528 3136 697 3202 efferuntur
719 3160 738 3201 a
759 3136 968 3206 Callicratide.
1015 3139 1122 3221 Quum
1151 3162 1224 3206 vero

221 3279 260 3343 de
293 3277 386 3363 hujus
419 3276 491 3342 libri
526 3276 709 3341 auctoritate
730 3280 755 3361 ¹)
791 3300 854 3343 non
885 3285 1020 3359 constet,
1059 3280 1114 3344 hos
1142 3281 1225 3345 locos

222 3440 331 3505 urgere
358 3417 453 3513 nolo..
563 3436 565 3441 ·

215 3606 432 3616 ..w-...-

260 3732 284 3795 1)
306 3729 354 3781 Hic
376 3727 440 3779 liber
457 3726 488 3777 ob
510 3726 603 3776 dicendi
624 3742 700 3789 genus
719 3727 792 3777 nimis
812 3728 933 3778 tumidum
950 3730 975 3777 et
995 3726 1025 3777 ab
1041 3725 1159 3777 Lucianeo
1176 3727 1223 3776 dis·

223 3854 321 3906 crepans
334 3854 349 3887 a
364 3835 449 3887 multis
469 3833 633 3884 addubitatum
653 3833 755 3884 Solonas
774 3850 832 3883 vero
844 3834 950 3899 conjecit
960 3872 967 3895 ,
977 3834 1051 3898 idque
1068 3833 1224 3883 Hermunnus

222 3946 266 3997 hl.
279 3962 303 4012 p.
328 3945 378 3996 204
398 3959 442 4010 pro
462 3945 529 3992 certo
551 3941 674 4001 affirmat,
694 3940 738 3990 hoc
756 3957 817 4008 opus
835 3957 885 3993 esee
902 3942 1068 4007 conscriptum
1081 3958 1095 3991 e
1107 3942 1224 4003 Lucieno,

225 4052 328 4103 Arianae
348 4052 445 4101 inflatae
462 4066 490 4100 uc
507 4048 615 4099 tumidae
632 4047 767 4099 rhetoricae
789 4049 894 4100 alumno.
919 4047 1044 4116 Quidquid
1062 4052 1109 4111 eat,
1125 4051 1226 4119 meliora

223 4160 371 4208 monuerunt
387 4172 459 4221 quam
478 4155 625 4215 Planckius,
646 4155 688 4218 qui
707 4153 754 4204 1.1.
765 4172 791 4221 p.
802 4155 833 4203 16
846 4154 992 4212 haecdicit:
1008 4154 1083 4215 ,mihi
1094 4156 1191 4219 quidem
1199 4172 1228 4207 eo

1076 4262 1095 4327 2
