3142 5209
705 536 746 607 15

230 771 320 850 putat
337 768 372 851 ¹).
417 766 502 831 Haec
536 765 575 831 de
609 764 803 851 philosophia
836 765 995 847 universc3
1032 788 1110 852 quae
1148 768 1230 834 enim
1278 803 1284 812 ⁸

231 924 296 989 cap.
339 906 379 969 35
416 903 455 969 da
478 905 618 991 physicae
653 903 770 968 ethicae
801 910 832 968 et
855 903 1035 969 dialecticae
1056 908 1109 988 vi,
1138 930 1231 991 quam

230 1044 264 1111 in
287 1048 460 1113 saltatorem
481 1047 633 1127 habeant,
658 1046 796 1129 disserit,
820 1069 883 1111 non
907 1048 952 1113 ita
965 1056 1039 1114 sunt
1050 1047 1230 1137 comparata,

231 1192 268 1249 ut
290 1184 362 1249 inde
385 1186 549 1250 satistuto
572 1183 692 1268 aliquid
715 1183 792 1249 effici
814 1183 920 1268 possit,

273 1325 379 1389 Restat
401 1324 500 1409 igitur
524 1330 561 1391 ut
586 1324 662 1410 quid
693 1324 732 1389 de
759 1324 933 1389 clarissimis
955 1325 1145 1413 philosophis
1168 1335 1229 1393 sta-

228 1468 325 1532 tuerit
348 1489 542 1554 exponamus.
580 1468 623 1531 Et
645 1466 779 1553 primum
801 1466 928 1551 quidem
946 1466 981 1533 in
1003 1490 1128 1536 censum
1145 1472 1231 1536 venit

229 1606 315 1672 locus
337 1629 401 1693 cap.
429 1608 485 1686 25,
509 1604 565 1670 ubi
587 1605 739 1699 Socratem
761 1611 947 1687 σοφώτατον
968 1608 1229 1694 dadoaappellat.

229 1747 311 1813 Cave
333 1755 436 1814 tamen
458 1771 498 1813 ne
520 1748 594 1812 inde
616 1748 726 1813 efficias
748 1749 922 1815 Lucianum
949 1748 988 1815 dc
1010 1750 1132 1818 Socrate
1144 1778 1229 1842 mag·

229 1886 317 1952 nifice
344 1886 471 1951 sensisse
478 1914 488 1966 ;
511 1888 589 1953 latet
611 1887 720 1972 anguis
742 1888 776 1952 in
799 1889 901 1969 herba,
925 1895 962 1955 ut
981 1893 1046 1978 jam
1057 1890 1231 1977 significant

230 2031 331 2115 verba,
355 2054 433 2117 quae
456 2029 562 2095 addit:
598 2031 660 2111 εἴγε
697 2028 882 2097 πιστευτέον
911 2036 1004 2096 τοῦτο
1032 2036 1103 2115 περὶ
1132 2036 1229 2100 αὐτοῦ

232 2171 359 2251 λέγοντι
391 2179 435 2254 τῷ
465 2174 596 2256 Πυθίῳ.
653 2170 751 2235 Immo
789 2176 871 2235 tecte
916 2170 1047 2236 Socratis
1083 2171 1232 2238 illicitum

230 2332 394 2397 puerorum
429 2331 559 2374 amorem
581 2309 779 2395 perstringit,
804 2309 859 2375 ubi
881 2307 920 2374 de
942 2310 999 2377 illo
1018 2311 1076 2375 lroc
1099 2310 1233 2378 dicitzsi

230 2470 278 2513 ars
299 2448 511 2534 pantomimica
534 2450 664 2514 Socratis
688 2456 788 2515 aetate
808 2450 974 2529 floruisset,
994 2471 1057 2513 non
1072 2449 1130 2514 illa
1146 2450 1233 2536 prius

230 2586 398 2672 quidquam
431 2608 541 2673 pueros
573 2587 676 2652 doceri
696 2588 846 2673 jussisset.
893 2588 1012 2673 Urgere
1032 2594 1136 2653 tamen
1158 2591 1233 2655 haec

231 2730 323 2795 verba
355 2730 487 2811 nollem,
523 2729 584 2795 nisi
607 2730 733 2796 aliunde
754 2731 845 2798 nobis
866 2737 1035 2812 constaret,
1059 2731 1232 2797 Lucianum

230 2878 289 2942 hac
311 2878 345 2942 in
367 2884 455 2965 parte
478 2878 586 2963 inique
609 2878 647 2943 de
671 2879 794 2943 Socrate
814 2876 975 2964 judicasse.

275 3017 315 3082 In
346 3016 452 3082 eodem
480 3018 559 3081 libro
590 3017 713 3083 dnobus
747 3016 823 3081 locis
853 3016 1040 3082 mentionem
1068 3014 1171 3102 injicit
1193 3013 1233 3079 de

230 3158 375 3223 Platone:
404 3180 468 3243 cap.
488 3160 528 3221 34
542 3159 623 3222 hunc
636 3157 851 3244 philosophum
860 3156 921 3221 alia
934 3154 1107 3221 saltationis
1122 3177 1234 3241 genera

230 3295 387 3377 laudasse,
411 3296 472 3361 alia
494 3297 632 3383 rejecisse
653 3296 736 3361 nude
758 3297 863 3383 ponit3
888 3317 953 3380 cap.
981 3295 1021 3360 70
1043 3294 1233 3359 Platonicam

232 3438 351 3504 animae
389 3437 570 3504 divisionem
604 3446 833 3520 commemorat,
868 3438 982 3505 additis
1009 3437 1131 3504 verbis:
1157 3441 1184 3501 εἴ
1203 3436 1233 3503 δ’

227 3690 437 3702 ...-..--...-

269 3885 293 3947 1)
331 3884 529 3963 Τιμοκράτης
567 3877 602 3944 δὲ
645 3882 663 3943 ό
696 3875 886 3951 διδάσκαλος
918 3876 1016 3942 αὐτοῦ
1055 3878 1230 3942 (lffllwnwlit)

236 3979 313 4045 ἰδών
334 4003 409 4043 ποτε
431 3979 541 4057 ἅπαξ,
563 3979 619 4043 οὐκ
643 3977 823 4061 ἐξεπίτηδες
845 3980 993 4057 ἐπιστὰς,
1015 3978 1171 4063 ὀρχηστὴν
1191 3982 1232 4043 τοὶ

234 4083 330 4145 αὑτοῦ
359 4086 526 4159 ποιοῦντα,
550 4081 628 4144 Oi'ov
646 4103 703 4161 με,
728 4081 800 4161 ἔφη,
823 4084 980 4159 θεάματος
1003 4084 1024 4160 ἡ
1044 4083 1120 4162 πρὸς
1141 4078 1234 4162 φιλο-

235 4179 349 4259 σοφίαο
371 4178 469 4251 αἰδὼς
493 4178 713 4261 ἀπεστέρηκεν.
