3142 5209
834 486 876 552 18

400 720 602 787 Transeamus
632 714 670 781 ed
707 729 758 781 eos
789 710 891 799 locos,
915 712 970 782 ubi
995 715 1150 781 Socratem
1171 736 1242 783 eum
1268 717 1362 784 leude

361 862 572 923 commemoret
594 854 760 921 Lucienus.
799 854 938 920 Primum
960 851 994 919 in
1017 877 1141 920 censum
1163 855 1251 920 venit
1273 856 1362 939 liber,

362 997 413 1061 oui
435 996 550 1062 titulus
573 1001 640 1074 est,
669 996 846 1060 commotae
866 1018 925 1061 noo
949 1003 1057 1061 mne
1079 1013 1142 1061 erse
1163 998 1363 1078 medendum,

361 1150 426 1221 cap.
453 1138 494 1198 29
504 1160 514 1214 3
538 1134 595 1199 hoc
618 1139 722 1199 autem
744 1154 821 1221 opus
844 1155 942 1218 quum
963 1155 982 1198 a
1003 1133 1169 1198 Planokioa
1189 1133 1230 1198 ad
1251 1134 1365 1220 scriptu

359 1265 469 1338 senilia
502 1268 651 1337 referetur
662 1320 672 1353 ‚
708 1271 796 1360 prius
830 1272 943 1356 quibus
978 1271 1170 1358 argumentis
1202 1272 1241 1337 ab
1271 1272 1365 1358 hujus

359 1408 514 1475 sententia
539 1409 694 1476 discedere
717 1431 809 1496 cogar
831 1430 989 1497 exponam.

405 1549 573 1617 Planokius
593 1548 624 1638 p
645 1556 685 1617 31
711 1550 796 1617 nude
818 1553 893 1618 haec
915 1551 1024 1638 ponit:
1051 1556 1144 1629 „tres
1164 1550 1199 1615 in
1220 1552 1364 1637 Aegypto

360 1693 551 1780 ,conscripti
581 1693 674 1775 libri,
699 1694 861 1777 Apolopiu‚
888 1693 1066 1758 Uolumnius
1087 1715 1147 1757 nos
1169 1700 1278 1757 temera
1300 1712 1362 1759 esse

359 1837 561 1911 percolendum
584 1842 615 1899 et
643 1837 706 1901 Pro
729 1838 847 1919 asprum
879 1834 1002 1899 Deinde
1017 1858 1048 1921 p.
1074 1837 1115 1898 34
1129 1841 1232 1899 narret
1247 1834 1358 1899 Luciu-

357 1988 433 2039 num
453 1974 535 2060 apud
558 1976 745 2061 praefectum
759 1974 1082 2061 Aegypti'impietatis
1095 1982 1270 2040 accusatum
1284 1974 1363 2039 bunc

357 2113 564 2180 defensionem
587 2116 761 2203 scripsisse:
789 2135 923 2191 „munus
944 2113 1029 2179 istud
1043 2114 1269 2200 Aegyptiacum
1291 2138 1362 2179 cum

360 2261 505 2333 „teneret
534 2258 707 2342 Lucienus,
738 2280 850 2345 pravae
872 2256 983 2339 etium,
1006 2262 1044 2321 ut
1062 2255 1203 2335 ridetur,
1232 2255 1359 2341 ejusde
1389 2316 1395 2325 .

357 2432 374 2474 p
382 2395 474 2462 rebus
494 2395 610 2463 divinis
628 2399 788 2485 opiniones
810 2398 849 2463 ed
871 2397 1060 2485 praefectum
1082 2396 1218 2482 Aegypti
1241 2397 1357 2462 defere-

359 2534 498 2613 pbantur
523 2540 672 2624 (euplo,
697 2541 755 2622 12,
784 2540 862 2625 lm:
886 2538 994 2622 itaque
1016 2536 1172 2603 Lucienus
1193 2536 1229 2602 iu
1238 2537 1357 2620 libello,

363 2778 605 2791 -—-———-—

356 2955 486 3025 „tempore
506 2961 613 3027 scriptur
633 2961 732 3013 ridetur
739 2961 780 3013 bio
791 2960 855 3013 liber
861 3000 870 3026 ,
881 2978 958 3029 quarn
968 2961 1070 3015 luciani
1080 2965 1206 3029 ingenium
1217 2966 1358 3019 adolevisset

355 3064 428 3128 ‚jam
442 3065 521 3128 satis,
542 3058 572 3118 u't
588 3082 627 3117 ras
644 3070 720 3119 serias
740 3069 862 3120 tractandi
882 3070 1008 3121 meliorem
1020 3072 1154 3135 quaeinoo
1167 3073 1359 3123 ineratnaturae

353 3175 471 3237 ,purtem
497 3189 566 3239 seepa
589 3172 711 3225 incederet
733 3176 870 3242 cupiditrs;
890 3181 917 3226 at
937 3178 1087 3228 relabentem
1106 3179 1215 3231 videmus
1233 3180 1357 3230 hominem

353 3278 409 3339 ,ob
437 3279 580 3330 vanissimae
606 3279 697 3343 glories
716 3280 844 3332 libidinem
864 3282 894 3332 ad
914 3283 1110 3350 corruptissimos
1129 3285 1219 3335 saeculi
1235 3303 1313 3337 mores
1332 3291 1358 3337 et

353 3399 474 3444 ereneus,
504 3385 542 3435 ita
571 3387 601 3435 ut
622 3386 666 3450 qui
687 3388 797 3436 aemulus
815 3389 886 3438 modo
901 3389 956 3437 fieri
977 3389 1056 3439 voluit
1077 3406 1121 3455 per
1140 3391 1272 3456 Nigrinum
1291 3394 1357 3443 vites

352 3488 495 3552 „perlectae
515 3489 650 3538 cPlatona
668 3490 800 3540 institutae
814 3492 854 3541 vel
871 3493 1015 3558 Triptolemi
1036 3499 1167 3545 mutor
1187 3498 1213 3545 in
1222 3495 1355 3545 seminibus

352 3594 507 3661 „sapientiae
526 3595 702 3647 ethonestatis
723 3565 749 3646 in
768 3598 861 3648 animos
881 3598 1009 3650 bominum
1030 3602 1184 3666 spargendis,
1203 3602 1265 3651 idem
1276 3601 1354 3650 libeu-

352 3702 467 3760 „tissime
491 3704 562 3754 fieret
592 3702 694 3771 Epicuri
724 3704 753 3754 do
784 3722 858 3771 grege
889 3713 1005 3771 porcua.“
1043 3709 1111 3758 Idem
1128 3709 1157 3759 de
1174 3709 1353 3775 Aristophane,

348 3810 473 3871 Horatio,
503 3810 629 3860 Wiolando
657 3814 683 3861 et
710 3810 822 3861 Voltario
849 3811 884 3861 ita
912 3812 1042 3878 disputat,
1059 3818 1177 3879 utquam
1196 3816 1246 3865 uim
1265 3815 1355 3866 habeat

347 3914 374 3964 in
406 3915 497 3965 talibus
526 3916 585 3966 viris
611 3915 774 3981 dijudicandis
801 3918 939 3968 divinarum
969 3934 1050 3969 rerum
1076 3923 1218 3985 persuasio,
1256 3926 1354 3987 preater

346 4022 446 4073 Suidsm
471 4026 497 4074 et
516 4023 669 4076 seboliostam
687 4026 839 4077 luculentius
860 4026 903 4076 illo
920 4026 1054 4091 exemplum
1071 4026 1180 4079 invenire
1198 4046 1246 4080 nou
1265 4032 1351 4094 potue·

345 4126 433 4164 rimus.
