3142 5209
835 517 853 575 2

344 748 444 812 multo
475 746 537 809 sale
572 744 777 825 defricuisset,
810 745 909 809 levem
942 750 973 807 et
1008 745 1180 828 malignum
1199 745 1352 810 hominem

344 912 417 956 eum
440 889 646 977 appellarent,
671 894 792 973 praeter
818 910 986 952 sermonem
1013 911 1143 974 purum,
1168 888 1350 973 elegantem,

347 1030 479 1093 facetum
502 1027 582 1093 nihil
609 1026 643 1090 in
664 1050 699 1091 eo
722 1026 895 1093 laudantes,

392 1170 442 1233 Ita
477 1191 549 1234 vero
588 1190 708 1233 omnem
733 1166 872 1231 Lucieno
895 1166 1020 1232 laudem
1042 1165 1162 1231 detrahi
1185 1189 1248 1230 11011
1271 1166 1352 1252 passi

346 1317 421 1375 sunt
441 1308 500 1374 viri
521 1314 583 1372 tam
606 1308 731 1392 ingenio
755 1330 848 1391 quam
870 1306 1008 1371 doctrina
1031 1306 1190 1391 insignes,
1207 1306 1347 1372 Wielan-

910 1442 923 1478 2

348 1444 421 1527 dus,
439 1446 461 1529 ¹)
500 1445 649 1526 Jacobus,
681 1446 896 1527 Hermannus,
923 1449 935 1531 )
972 1446 1028 1531 qui
1061 1454 1092 1511 et
1106 1427 1241 1533 ,scriptis
1263 1449 1352 1515 illius

349 1585 533 1671 diligentins
565 1585 655 1650 lectis
694 1592 725 1651 et
755 1585 944 1673 temporibus
970 1586 1081 1651 melius
1107 1588 1273 1674 perspectis
1299 1612 1351 1675 pa-

349 1731 453 1789 tronos
485 1724 550 1809 ejus
585 1747 616 1789 se
644 1724 770 1810 professi
793 1731 875 1789 sunt.
921 1726 951 1788 A
977 1724 1119 1809 pluribus
1152 1749 1223 1790 eum
1251 1728 1352 1794 crimi-

349 1871 441 1936 nibus
475 1870 651 1935 luculenter
689 1868 828 1933 defendit
862 1867 1354 1935 11111110111101010010111110

349 2012 480 2078 Luciani
515 2011 658 2097 operibus
689 2011 841 2097 praefix03
877 2009 997 2096 doctius
1032 2016 1064 2073 et
1095 2010 1246 2096 copiosius
1272 2013 1353 2078 idem

350 2151 423 2217 lecit
457 2151 606 2234 lacobus,
645 2153 699 2235 qui
737 2159 841 2217 tamen
878 2175 951 2239 prae
989 2175 1101 2237 magno
1137 2176 1256 2235 amore,
1292 2178 1354 2240 quo

352 2292 444 2356 illum
481 2291 740 2378 prosequebatur,
765 2290 913 2355 laudandi
937 2289 1040 2355 studio
1067 2314 1155 2378 saepe
1186 2292 1278 2357 nimis
1304 2294 1352 2359 in-

351 2431 458 2498 dulsit.
506 2432 546 2496 In
580 2431 672 2516 hujus
706 2430 785 2495 libro
823 2453 902 2516 quae
936 2431 1135 2518 improbanda
1168 2434 1231 2500 sint
1265 2458 1354 2502 nemo

351 2572 472 2637 aoutius
505 2569 586 2634 vidit
620 2591 711 2654 quam
745 2570 813 2636 Car.
839 2570 928 2637 Fred.
954 2558 1149 2638 Hermannus
1160 2627 1170 2656 ,
1203 2576 1258 2660 qni
1285 2600 1355 2643 oum

352 2712 568 2777 animadvertit
603 2712 637 2775 in
670 2710 814 2776 notandis
844 2712 973 2777 Luciani
1000 2712 1122 2799 scriptis
1144 2737 1201 2779 nec
1226 2717 1352 2782 chrono-

351 2852 488 2937 logicum
512 2851 662 2915 librorum
690 2850 829 2915 ordinem
861 2851 899 2916 ab
929 2851 987 2916 illo
1014 2859 1167 2918 servatum
1200 2877 1264 2919 esse
1298 2880 1355 2923 nec

353 2991 465 3077 scripta
487 2989 590 3077 spuria
616 3014 634 3054 a
657 2990 803 3075 genuinis
833 2990 908 3055 satis
938 2990 1107 3075 diligenter
1134 3015 1198 3057 esse
1222 3001 1354 3073 semota,

354 3141 422 3199 tum
460 3132 542 3198 illud
590 3132 721 3197 maxime
767 3132 982 3218 reprehendit,
1023 3132 1105 3216 quod
1149 3133 1188 3199 de
1224 3135 1355 3201 Luciani

354 3272 546 3359 philosophia
578 3272 710 3338 Jacobus
750 3280 814 3337 tam
840 3295 937 3359 pauca
982 3282 1013 3338 et
1040 3274 1134 3340 exilia
1167 3277 1354 3362 protulisset.

359 3487 558 3494 --..-....---
567 3490 599 3495 ..-

392 3620 416 3682 1)
437 3619 538 3669 Luciam
559 3634 607 3669 von
627 3620 750 3669 Samosata
774 3617 926 3667 s‘a'rmmtliche
944 3618 1039 3667 Werke.
1060 3617 1106 3667 Th,
1122 3617 1144 3667 Ι.
1163 3616 1357 3665 UeberLucians

355 3725 591 3785 Isebensumsttnde,
608 3724 743 3775 Charakter
763 3725 813 3774 und
833 3724 966 3775 Schriften.

391 3835 417 3897 2)
438 3834 598 3883 Gesammelte
611 3832 805 3897 abhandlungen
818 3834 867 3882 ond
879 3834 992 3897 Beitrtgo
1005 3848 1049 3882 zur
1060 3831 1211 3882 Classisohen
1221 3833 1359 3882 Litteratur

355 3942 406 3992 und
437 3940 670 3991 Alterthumslrunde
700 3956 748 3991 ron
777 3942 823 3993 Dr.
850 3941 910 3990 Karl
935 3940 1059 3990 Friedrich
1078 3941 1222 4001 Hermann,
1245 3942 1313 3991 Prol.
1330 3942 1357 3990 in

357 4047 504 4111 (1111111301.-
534 4047 611 4098 1849.
639 4047 677 4095 Νο
704 4048 734 4100 X.
762 4048 813 4097 an
839 4048 1034 4123 Charakteristih
1063 4049 1165 4101 Lucians
1197 4050 1247 4100 und
1279 4050 1358 4100 seiher

357 4150 489 4202 scuriam.
511 4152 660 4201 acl-aea.
923 4126 926 4131 ’
