3142 5209
725 506 765 569 55

239 733 338 819 ipsum
373 758 444 800 vcro
467 736 671 821 Pythagoram
694 736 781 799 Alea.
806 757 871 822 cap.
897 739 918 800 4
941 743 1038 820 σοφὸν
1058 742 1163 824 ἄνδρα
1185 747 1239 807 καὶ

236 879 296 957 τὴν
317 881 446 961 γνώμην
475 877 644 942 θεσπέσιον
676 870 821 958 appellat.
869 871 1097 979 Unumnhabeo
1107 928 1117 959 ,
1148 898 1240 961 quom

238 1015 403 1103 excipiam,
427 1015 597 1095 Socratem,
632 1011 670 1077 de
700 1032 761 1096 quo
789 1015 928 1075 nostrum
958 1010 1059 1077 minus
1081 1014 1241 1100 magnifice

234 1154 385 1243 judicasse
417 1153 508 1219 facile
538 1151 679 1219 concedo.
725 1150 801 1216 Non
834 1149 1036 1217 necessarium
1071 1152 1150 1217 duco
1157 1202 1167 1233 ,
1203 1159 1240 1220 ut

239 1315 317 1377 quae
355 1315 373 1357 a
405 1290 481 1357 viris
511 1291 609 1357 doctis
643 1290 682 1355 ed
714 1286 887 1357 Lucianum
917 1288 1143 1358 defendendum
1177 1291 1241 1357 sint

237 1432 356 1520 prolata
371 1433 414 1517 ¹),
453 1431 504 1497 hio
526 1431 670 1513 referam3
694 1436 817 1495 tautum
839 1428 992 1496 monuisse
1014 1429 1161 1514 sufficiat,
1185 1453 1242 1499 neo

238 1573 368 1641 Socratis
390 1579 490 1638 aetate
512 1594 569 1638 neo
591 1578 704 1659 postea,
728 1570 796 1658 ipso
818 1569 912 1635 etiam
933 1570 1064 1636 Luciani
1086 1593 1173 1653 aevo,
1187 1571 1240 1638 de·

238 1713 345 1795 fuisse,
368 1712 424 1798 qui
442 1719 565 1799 propter
585 1719 728 1778 mutuum
747 1717 897 1776 sectarum
920 1710 1026 1777 odium
1048 1719 1103 1777 ant
1117 1709 1242 1779 insitam

239 1852 334 1918 animi
364 1836 589 1939 malignitatem
621 1852 660 1918 de
685 1858 773 1939 patre
799 1850 1049 1937 philosophorum
1081 1858 1136 1918 aut
1165 1852 1243 1918 falsa

240 1992 448 2079 excogitarent
478 1999 531 2058 aut
564 1994 695 2061 aliorum
728 1992 891 2059 maledicta
921 1994 972 2059 vel
999 1993 1186 2081 suspiciones
1208 1995 1244 2061 in

240 2137 337 2224 majus
359 2144 507 2222 augerent
519 2134 556 2224 ²).
604 2137 689 2201 Haeo
712 2136 751 2202 ile
774 2138 942 2203 Piscatore.

286 2276 391 2343 Multo
414 2278 507 2343 etiam
522 2278 624 2344 minus
640 2278 674 2343 in
689 2280 819 2362 Ννγνλοο
833 2279 1006 2345 Lucianum
1020 2279 1243 2367 philosophiam

240 2417 328 2482 illam
349 2416 388 2481 de
408 2419 510 2483 schola
524 2418 664 2485 laudasse
675 2420 740 2505 jam
755 2421 884 2485 efronte
898 2420 972 2486 libri
983 2443 1146 2506 agnoscere
1157 2422 1241 2490 licet.

239 2558 279 2624 In
300 2559 487 2647 praefatione
514 2560 596 2628 enim
616 2561 867 2651 philosophorum
896 2564 1050 2631 tumidam
1069 2565 1247 2653 superbiam

239 2698 337 2763 facete
369 2698 470 2780 ludit3
502 2700 537 2765 in
566 2700 605 2767 iis
635 2709 755 2784 autem,
791 2725 871 2788 quae
899 2725 938 2769 en
963 2703 1095 2790 Nigrini
1115 2727 1244 2791 persona

239 2836 398 2924 disputat,
428 2839 633 2913 Romanorum
667 2840 816 2929 imprimis
844 2842 1028 2909 dementiam
1049 2844 1158 2924 illam,
1182 2866 1250 2929 qua

239 2998 353 3062 equos,
382 2978 586 3064 hereditates,
613 2980 736 3065 balnea,
760 2988 922 3069 ceteraque
943 2982 1091 3071 ejusmodi
1118 2983 1253 3050 summis

240 3116 273 3182 in
306 3117 395 3207 honis
424 3128 594 3206 ponerent,
634 3122 744 3189 acriter
766 3124 874 3211 carpit.
888 3125 912 3209 ⁸)
960 3124 1054 3189 Recte
1080 3123 1179 3210 igitur
1205 3124 1253 3191 de·

277 3460 302 3522 1)
321 3458 448 3523 Wieland,
467 3460 512 3511 Tb.
531 3462 555 3512 2.
575 3463 600 3513 S.
619 3462 680 3517 271.
715 3462 800 3513 Jacob.
818 3460 872 3512 λλ.
893 3463 934 3516 77.
951 3478 1002 3526 seq.

276 3580 301 3642 2)
321 3579 394 3631 Alex.
417 3582 452 3631 42
486 3567 558 3636 ἀλλ’
578 3572 608 3635 εἴ
624 3596 673 3646 τις
693 3573 733 3636 τὰ
755 3572 896 3655 χείριστα
916 3573 971 3634 καὶ
993 3568 1252 3655 βλασφημότατα

236 3674 304 3736 τῶν
339 3672 391 3733 ἐπὶ
423 3667 560 3755 διαβολῇ
589 3672 659 3751 περὶ
684 3674 739 3735 τοῦ
759 3674 957 3751 Πυθαγόρου
980 3667 1170 3751 λεγομένων,
1193 3665 1252 3745 oie:

239 3772 337 3849 ἔγωγε
379 3767 436 3833 οὐκ
471 3772 514 3835 ἂν
546 3767 712 3853 πεισθείην
748 3771 792 3843 ὥς
825 3768 981 3853 ἀληθέσιν
1022 3763 1123 3846 οὖσιν,
1159 3769 1250 3849 ὅμως,

239 3874 413 3948 συναγάγοι
444 3869 475 3944 ἐς
512 3871 548 3934 τὸ
580 3870 672 3949 αὐτό,
705 3866 881 3936 πολλοστὸν
919 3873 964 3937 ἂν
994 3869 1087 3952 μέρος
1110 3871 1244 3936 ἅπαντα

241 3972 347 4034 ἐκεῖνα
379 3968 505 4047 γίνοιτο
527 3974 583 4050 τῆς
606 3966 831 4048 Ἀλεξάνδρου
852 3968 1041 4049 δεινοτήτος.
1086 3976 1178 4027 Parae.
1201 3977 1245 4060 to,

241 4066 274 4114 43
294 4068 319 4114 ot
339 4066 382 4115 56.
417 4065 488 4116 Oonf.
505 4065 582 4115 Lusac
600 4066 667 4117 Iect.
692 4064 769 4115 Attio.
789 4081 813 4129 p.
836 4066 886 4116 112
905 4081 957 4130 sqq.

277 4158 302 4221 3)
322 4157 423 4223 Niqrin.
441 4174 493 4223 cap.
514 4159 625 4210 12-35.
